@article{AtkinsEtAl1992,
	author={Atkins, Sue, Jeremy Clear and Nicholas Ostler},
	year={1992},
	title={Corpus design criteria},
	journal ={Literary and Linguistic Computing},
	volume={7},
	number={1}
}


@incollection{Clancy2010,
	author={Clancy, Brian},
	year={2010},
	title={Building a corpus to represent a variety of language},
	editor={Anne O'Keeffe and Michael McCarthy},
	booktitle={The {R}outlege {H}andbook of {C}orpus {L}inguistics},
	address={Abingdon},
	publisher={Routledge},
	pages={80-92}
}

@book{Friedl2006,
	author={Friedl, Jeffrey E. F.},
	year={2006},
	title={Mastering regular expressions},
	address={Beijing},
	publisher={O'Reilly}
}

@article{HengeveldEtAl2005,
	author={Hengeveld, Kees and  Jan Rijkoff},
	year={2005}, 
	title={Mundari as a flexible language},
	journal ={Linguistic Typology},
	volume={9},
	issue={3},
	pages={406-431}
}

@article{HengeveldEtAl2004,
	author={Hengeveld, Kees and Jan Rijkoff and Anna Siewierska},
	year={2004},
	title={Part-of-speech systems and word order},
	journal={Journal of Linguistics} ,
	volume={40}, 
	pages={527-570}
}

@book{McEneryEtAl2012,
	author={McEnery, Tony and Andrew Hardie },
	year={2012},
	title ={Corpus {L}inguistics},
	address={Cambridge},
	publisher={CUP}
}

@article{Mosel1977,
	author={Mosel, Ulrike},
	year={1977},
	title={Tolai {T}exts}, 
	journal={Kivung. Journal of the Linguistic Society of Papua New Guinea},
	address={Port Moresby},
	volume={10}
}

@book{Mosel1980,
	author={Mosel, Ulrike},
	year={1980},
	title={Tolai and {T}ok {P}isin. {T}he influence of the substratum on the development of {N}ew {G}uinea {P}idgin},
	series={Pacific Linguistics B},
	volume={73},
	address={Canberra},
	publisher={Australian National University Press}
}

@book{Mosel1984,
	author={Mosel, Ulrike},
	year={1984},
        title={Tolai syntax and its historical development},
	series={Pacific Linguistics B},
	volume={73},
	address={Canberra},
	publisher={A.N.U. Press}
}

@incollection{Mosel2006a,
    author={Ulrike Mosel},
    year={2006},
    title={The art and craft of writing grammars}, 
    editor={Felix Ameka and Alan Dench and Nicholas Evans},
    booktitle={Catching language -- {T}he standing challenge of grammar writing},
    pages={41-68},
	address={Berlin, New York},
	publisher={Mouton de Gruyter}
}

@incollection{Mosel2006b,
	author={Mosel, Ulrike},
	year={2006},
	title={Fieldwork and community language work}, 
	editor={Jost Gippert and Nikolaus Himmelmann and Ulrike Mosel},
	booktitle={Essentials of language documentation},
	address={Berlin, New York},
	publisher={Mouton de Gruyter},
	pages={67-85}
}

@book{Moselforthcoming,
	author={Mosel, Ulrike},
	year={forthcoming},
	title={Corpus linguistic and documentary approaches in writing a grammar of a previously undescribed language},
	editor={Toshihide Nakayama and Keren Rice}, 
	booktitle={Practical and {M}ethodological {I}ssues in {G}rammar {W}riting}
}

@book{MoselEtAl1992,
	author={Mosel, Ulrike and Even Hovdhaugen},
	year={1992},
	title={Samoan {R}eference {G}rammar},
	address={Oslo},
	publisher={Scandinavian University Press}
}

@misc{MoselEtAl2007,
	author={Mosel, Ulrike and Enoch Horai Magum and Shalom Magum and Joyce Maion and Naphtaly Maion and Jessika Reinig and Ruth Siimaa Rigamu and  Ruth Saovana Sprigg and Yvonne Thiesen},
	year={2007},
	title={The {T}eop {L}anguage {C}orpus},
	url={http://www.mpi.nl/dobes/projects/teop }
}


@misc{Mosel2007,
	author={Mosel, Ulrike},
	note={with Yvonne Thiesen},
	year={2007},
	title={Teop sketch grammar},
	url={http://www.linguistik.uni-kiel.de/mosel\_publikationen.htm\#download} 
}

@article{Nordhoff2008,
	author={Nordhoff, Sebastian},
	year={2008},	
	title={Electronic reference grammars for typology: {C}hallenges and solutions},
	journal={Language Documentation and Conversation},
	pages={296-324}
}

@incollection{Sankoff1993,
	author={Sankoff, Gillian},
	year={1993},
	title={Focus in {T}ok {P}isin},
	editor={Francis Byrne and Donald Winford},
	booktitle={Focus and grammatical relations in {C}reole languages},
	address={Amsterdam/Philadelphia},
	publisher={John Bejamins Publishing Company},
	pages={117-140}
}

@misc{SchwartzEtAl2007,
	author={Schwartz, Marcia L. and Ruth Saovana Spriggs and Ulrike Mosel, Ruth Siimaa Rigamu and Naphtaly Maion and Jeremiah Vaabero },
	year={2007},
	title={The {T}eop {L}exical {D}atabase},
	url={http://www.linguistik.uni-kiel.de/Teop\_Lexical\_Database\_May07.pdf}
}

@incollection{StefanowitschEtAl2009,
	author={Stefanowitsch, Anatol and Stefan Gries},
	year={2009},
	title={Corpora and grammar},
	editor={Anke L\"udeling and Meja Kyt\"o },
	booktitle={Corpus linguistics. {A}n international {H}andbook},
	series={HSK},
	volume={29.2},
	address={Berlin \& New York},
	publisher={Walter de Gruyter},
	pages={933-952}
}

@incollection{Whalen2004,
  author={Whalen, Doug H.},
  year={2004},
  title={How the study of endangered languages will revolutionize linguistics},
  editor={Piet van Sterkenburg},
  booktitle={Linguistics today - facing a greater challenge},
  address={Amsterdam/Philadelphia},
  publisher={John Benjamins Publishing Company},
  pages={321-342.}
}


@ARTICLE{Weber2006,
  author = {David Weber},
  year = {2006},
  title = {Thoughts on growing a grammar},
  journal = {Studies in Language},
  volume = {30},
  number = {2},
  pages = {417-444},
  owner = {snordhoff},
  timestamp = {2006.05.02}
}


@ARTICLE{Noonan2006,
  author = {Michael Noonan},
  year = {2006},
  title = {Grammar writing for a grammar-reading audience},
  journal = {Studies in Language},
  volume = {30},
  number = {2},
  pages = {351-365},
  owner = {snordhoff},
  timestamp = {2006.05.02}
}


@ARTICLE{Rice2006,
  author = {Keren Rice},
  year = {2006},
  title = {A typology of good grammars},
  journal = {Studies in Language},
  volume = {30},
  number = {2},
  pages = {385-415},
  owner = {snordhoff},
  timestamp = {2006.05.02}
}

@incollection{BenderEtAlThisVolume,
  author = {Emily M. Bender and  Sumukh Ghodke and Timothy Baldwin  and Rebecca Drida},
  year = {this volume},
  pages = {}
}

@book{Moselinpreparation,
  author={Mosel, Ulrike},
  year={in prep.},
  title={A corpus-based reference grammar of {T}eop}
}