@inproceedings{BenderEtAl2004,
	author={Bender, Emily M. and Dan Flickinger and Jeff Good and Ivan A. Sag},
	year={2004},
	title={Montage:{ L}everaging advances in grammar engineering, linguistic ontologies, and markup for the documentation of underdescribed languages},
	booktitle={Proceedings of the {W}orkshop on {F}irst {S}teps for {L}anguage {D}ocumentation of {M}inority {L}anguages: {C}omputational {L}inguistic {T}ools for {M}orphology, {L}exicon and {C}orpus {C}ompilation, {L}{R}{E}{C} 2004},
	note={Accessed at http://faculty.washington.edu/ebender/papers/Montage\_LREC.pdf on 14/9/2008.}

}
@article{Blake1985,
	author={Blake, Barry J},
	year={1985},
	title={Review of {H}eath 1984},
	journal={Australian Journal of Linguistics},
	volume={5},
	pages={304-310}
}
@article{Boas1917,
	author={Boas, Franz},
	year={1917},
	title={Introductory},
	journal={International Journal of American Linguistics},
	volume={1},
	issue={1},
	pages={1-8}
}
@inproceedings{BowEtAl2003,
	author={Bow, C. and Hughes B. and Bird, S},
	year={2003},
	title={Towards a {G}eneral {M}odel of {I}nterlinear{ T}ext},
	booktitle={Proceedings of the {E}{M}{E}{L}{D} {L}anguage {D}igitisation {P}roject {C}onference 2003: {W}orkshop on {D}igitizing and {A}nnotating {T}exts and {F}ield {R}ecordings}, 
	note={Retrieved September 23, 2009}, 
	url={http://emeld.org/workshop/2003/bowbadenbird-paper.html}
}
@book{EvansEtAl2006,
	editor={Evans, Nicholas and Alan Dench and Felix Ameka},
	year={2006},
	title={Catching language: the standing challenge of grammar writing}, 
	address={Berlin/New York},
	publisher={Mouton de Gruyter}

}
@inproceedings{Good2004,
	author={Good, Jeff},
	year={2004},
	title={The {D}escriptive {G}rammar as a ({M}eta){D}atabase},
	booktitle={Proceedings of the {E}-{M}{E}{L}{D} {W}orkshop 2004: {L}inguistic {D}atabases and {B}est {P}ractice, {J}uly 15--18, 2004, {D}etroit, {M}ichigan},
	url={http://emeld.org/workshop/2004/jcgood-paper.html}
}
@article{Haiman1986,
	author={Haiman, John},
	year={1986},
	title={Review article on {H}eath 1980, 1982, 1984},
	journal={Language},
	volume={62},
	pages={654-663}

}
@book{Heath1980,
	author={Heath, Jeffrey},
	year={1980},
	title={Nunggubuyu {M}yths and {E}thnographic {T}exts},
	address={Canberra},
	publisher={Australian Institute of Aboriginal Studies}

}
@book{Heath1982,
	author={Heath, Jeffrey},
	year={1982},
	title={Nunggubuyu {D}ictionary},
	address={Canberra},
	publisher={Australian Institute of Aboriginal Studies}
}
@book{Heath1984,
	author={Heath, Jeffrey},
	year={1984},
	title={Functional {G}rammar of {N}unggubuyu},
	address={Canberra},
	publisher={Australian Institute of Aboriginal Studies}

}
@misc{HellmuthEtAl2006,
	author={Hellmuth, C. and Myers, T. and  Nakhimovsky, A},
	year={2006},
	title={The {L}inguist's {T}oolbox and {X}{M}{L} {T}echnologies},
	howpublished={Paper presented at the EMELD meeting}, 
	note={Retrieved September 23, 2009 from \url{http://emeld.org/workshop/2006/papers/hellmuth.html}}

}
@article{Himmelmann2012,
	author={Himmelmann, Nikolaus},
	year={2012},
	title={Linguistic data types and the interface between language documentation and description},
	journal={Language Documentation \& Conservation},
	volume= {6}

}
@misc{Hirzel2001,
	author={Hirzel, Hannes},
	year={2001},
	title={How to optimize analysing an {A}frican language text corpus by exploiting old and new features of the {S}hoebox 5.0 interlinearization program: {A} demonstration from {A}kan and {S}wahili.}  

}
@article{Hore1978,
	author={Hore, Michael R},
	year={1978},
	title={New versus old information in {N}unggubuyu},
	journal={Oceanic Linguistics},
	volume={17},
	issue={1},
	pages={11-26}
}
@misc{Hosken2006,
	author={Hosken, Martin},
	year={2006},
	title={Lexicon {I}nterchange {F}ormat. {A} description},
	url={lift-standard.googlecode.com/files/lift\_10.pdf}

}
@inproceedings{HughesEtAl2003,
	author={Hughes, Baden and Steven Bird and Catherine Bow},
	year={2003},
	title={Encoding and presenting interlinear text using {X}{M}{L} technologies},
	booktitle={Proceedings {A}ustralasian {L}anguage {T}echnology {W}orkshop}, 
	editor ={Alistair Knott and Dominique Estival},
	pages={105--113},
	address={Melbourne},
	url={Accessed at http://eprints.unimelb.edu.au/archive/00000455},
	accessed={ 23/3/2008}

}
@misc{Jacobson2006,
	author={Jacobson, Michel},
	year={2006},
	title={The {L}{A}{C}{I}{T}{O} {A}rchiving {P}roject},
	howpublished={Ethnographic Eresearch Annotation Conference, University of Melbourne, February 15-17, 2006}

}
@article{JacobsonEtAl2001,
	author={Jacobson, Michel and  Michailovsky, B. and Lowe, J.B},
	year={2001},
	title={Linguistic documents synchronizing sound and text},
	journal={Speech Communication},
	volume={33},
	issue={1-2}, 
	pages={79-96}

}
@techreport{Maxwell2008,
	author={Maxwell, Michael},
	year={2008},
	title={Standards for {L}exical and {M}orphological {I}nterchange},
	publisher={Centre for Advanced Study of Language},
	address={University of Maryland},

}
@article{Nordhoff2008,
	author={Nordhoff, S},
	year={2008},
	title={Electronic {R}eference {G}rammars for {T}ypology: {C}hallenges and solutions},
	journal={Language Documentation \& Conservation}, 
	volume={2},
	pages={296-324}

}
@inproceedings{PalmerEtAl2007,
	author={Palmer, Alexis and Katrin Erk},
	year={2007},
	title={I{G}{T}-{X}{M}{L}: an {X}{M}{L} format for interlinearized glossed texts}, 
	booktitle={Proceedings of the {L}inguistic {A}nnotation {W}orkshop ({L}{A}{W}-07), {A}{C}{L}07. {P}rague},
	url={http://whitepapers.zdnet.com/abstract.aspx?docid=889125}

}
@book{PayneEtAl2006,
	editor={Payne, Thomas and David Weber},
	year={2006},
	title={Perspectives on {G}rammar {W}riting},
	journal={Studies in Language},
	volume={30},
	issue={2},
	note={Special issue of Studies in Language}
}
@book{Schmidt2003,
	author={Schmidt, Thomas},
	year={2003},
	title={Visualising {L}inguistic {A}nnotation as {I}nterlinear {T}ext},
	series={Arbeiten zur Mehrsprachigkeit. Working papers in multilingualism. Series B},
	address={Hamburg},
	publisher={Universit\"at Hamburg},
	note={Viewed on September 23 2009}, 
	url={ http://www1.uni-hamburg.de/exmaralda/Daten/4D-Litertur/Paper\_LREC.pdf}

}
@incollection{SchroeterEtAl2006,
	author={Schroeter, Ronald and Nicholas Thieberger},
	year={2006},
	title={E{O}{P}{A}{S}, the {E}thno{E}{R} online representation of interlinear text},
	editor={Linda Barwick and Nicholas Thieberger},
	booktitle={Sustainable {D}ata from {D}igital {F}ieldwork},
	address={Sydney},
	publisher={Sydney University Press},
	pages={99-124},
	url={http://repository.unimelb.edu.au/10187/2137}

} 
@BOOK{TEIGuidelines,
  editor = {Lou Burnard and Syd Bauman},
  year = {2012},
  title = {T{E}{I} {P}5: {G}uidelines for {E}lectronic {T}ext {E}ncoding and {I}nterchange},
  address = {Charlottesville }, 
  url={http://www.tei-c.org/Guidelines/P5/} 
}

@incollection{Thieberger2009,
	author={Thieberger, Nick},
	year={2009},
	title={Steps toward a grammar embedded in data},
	editor={Epps, Patricia and Alexandre Arkhipov},
	booktitle={New {C}hallenges in {T}ypology: {T}ranscending the {B}orders and {R}efining the{ D}istinctions},
	address={New York},
	publisher={Mouton de Gruyter},
	pages={389-408}

}
@incollection{Woodbury2011,
	author={Woodbury, Anthony},
	year={2011},
	title={Language documentation},
	editor={Peter K. Austin and Julia Sallabank},
	booktitle={The {C}ambridge {H}andbook of {E}ndangered{ L}anguages},
	pages={159-186},
	address={Cambridge},
	publisher={Cambridge University Press}
}