@incollection{Barabytv,
	author =  {Anne-Marie Baraby},
	title =  {Reference grammars for speakers of minority languages},
	year = {this volume},
	booktitle={Electronic {G}rammaticography},
	editor={Sebastian Nordhoff},
	address={Manoa},
	publisher={University of Hawai'i Press},
	pages = {78-101}
}
@incollection{Bendertv,
	author =  {Emily M. Bender and Sumukh Ghodke and Timothy Baldwin and Rebecca Dridan},
	title =  {From {D}atabase to {T}reebank: {O}n {E}nhancing {H}ypertext {G}rammars with {G}rammar {E}ngineering and {T}reebank {S}earch},
	year = {this volume},
	booktitle={Electronic {G}rammaticography},
	editor={Sebastian Nordhoff},
	address={Manoa},
	publisher={University of Hawai'i Press},
	pages = {179-206}
}
@incollection{Blacktv,
	author =  {Cheryl A. Black and H. Andrew Black},
	title =  {Grammars for the people, by the people, made easier using  {P}{A}{W}{S}  and  {X}{L}ing{P}aper},
	year = {this volume},
	booktitle={Electronic {G}rammaticography},
	editor={Sebastian Nordhoff},
	address={Manoa},
	publisher={University of Hawai'i Press},
	pages = {103-28}
}
@incollection{Boudatv,
	author =  {Peter Bouda and Johannes Helmbrecht},
	title =  {From corpus to grammar: how {D}{O}{B}{E}{S} corpora can be exploited for descriptive linguistics},
	year = {this volume},
	booktitle={Electronic {G}rammaticography},
	editor={Sebastian Nordhoff},
	address={Manoa},
	publisher={University of Hawai'i Press},
	pages = {129-159}
}
@incollection{Drudetv,
	author =  {Sebastian Drude},
	title =  {Digital {G}rammars -- {I}ntegrating the {W}iki/{C}{M}{S} approach with {L}anguage {A}rchiving {T}echnology and {T}{E}I},
	year = {this volume},
	booktitle={Electronic {G}rammaticography},
	editor={Sebastian Nordhoff},
	address={Manoa},
	publisher={University of Hawai'i Press},
	pages = {160-178}
}
@incollection{Goodtv,
	author =  {Jeff Good},
	title =  {Deconstructing descriptive grammars},
	year = {this volume},
	booktitle={Electronic {G}rammaticography},
	editor={Sebastian Nordhoff},
	address={Manoa},
	publisher={University of Hawai'i Press},
	pages = {2-32}
}
@incollection{Maxwelltv,
	author =  {Mike Maxwell},
	title =  {Electronic {G}rammars and {R}eproducible {R}esearch},
	year = {this volume},
	booktitle={Electronic {G}rammaticography},
	editor={Sebastian Nordhoff},
	address={Manoa},
	publisher={University of Hawai'i Press},
	pages = {207-234}
}
@incollection{Moseltv,
	author =  {Ulrike Mosel},
	title =  {Advances in the accountability of grammatical analysis and description by using regular expressions},
	year = {this volume},
	booktitle={Electronic {G}rammaticography},
	editor={Sebastian Nordhoff},
	address={Manoa},
	publisher={University of Hawai'i Press},
	pages = {235-250}
}
@incollection{Nordhofftv,
	author =  {Sebastian Nordhoff},
	title =  {The grammatical description as a collection of form-meaning-pairs},
	year = {this volume},
	booktitle={Electronic {G}rammaticography},
	editor={Sebastian Nordhoff},
	address={Manoa},
	publisher={University of Hawai'i Press},
	pages = {33-62}
}
@incollection{Thiebergertv,
	author =  {Simon Musgrave  and Nick Thieberger },
	title =  {Language description and hypertext: {N}unggubuyu as a case study},
	year = {this volume},
	booktitle={Electronic {G}rammaticography},
	editor={Sebastian Nordhoff},
	address={Manoa},
	publisher={University of Hawai'i Press},
	pages = {63-77}
}
 