
{\bfseries
REFERENCES: }

Arora, Harbir 1986. \textit{SomeAspects} \textit{of} \textit{Dakkhini} \textit{Hindi-Urdu} \textit{Syntax} \textit{with} \textit{Special} \textit{Reference} \textit{to} \textit{Convergence}. Ph.D. Dissertation, University of Delhi.

Arora, Harbir, and K.V Subbarao. in press. Convergence and Syntactic Change: the Case of the 

Conjunctive Participle in Dakkhini Hindi-Urdu. In Papers from the Conference on the 

Theory and Practice of Historical Linguistics. Chicago Linguistics Society (CLS).

Asher, R.E. 1985 \textit{Tamil} Croom Helm Descriptive Grammars Series. Croom Helm, London.

Asher, R.E. and T.C Kumari.1997. \textit{Malayalam}. Routledge, London and New York.

Bakker P. (2006). ``The Sri Lanka \textit{Sprachbund}: The newcomers Portuguese and

Malay{\textquotedblright}. In Matras Y., A. McMahon and N. Vincent (eds.) \textit{Linguistic} \textit{Areas}\textit{-- }\textit{Convergence} \textit{in} \textit{Historical} \textit{and} \textit{Typological} \textit{Perspective}.

 Houndmills, New York: Palgrave Macmillan. pp. 135--159. 

Bashir, Elena. 2006. Evidentiality in South Asian Languages. In Miriam Butt and Tracy 

 Holloway King (eds.)\textit{Proceedings} \textit{of the LFG06 Conference, Workshop on South Asian Languages Konstanz Universit}\textit{\"a}\textit{t}. CSLI Publications, Stanford.

Bayer, J. 2001. Two Grammars in One: Sentential Complements and 

Complementizers in Bengali and Other South Asian Languages''. in: P. Bhaskararao \& K.V. Subbarao (eds.) \textit{The} \textit{Yearbook} \textit{of} \textit{South} \textit{Asian} \textit{Languages:} \textit{Tokyo} \textit{Symposium} \textit{on} \textit{South} \textit{Asian} \textit{Languages} \textit{-} \textit{Contact,} \textit{Convergence} \textit{and} \textit{Typology}. Sage Publications, New Delhi. 11-36.

Cain, Bruce D. 1992. \textit{A} \textit{Grammatical} \textit{Sketch} \textit{of} \textit{Dhivehi}. Ms. the Maldives.

Cain, Bruce D, and James W. Gair 2000. \textit{Dhivehi} \textit{(Maldivian)} \textit{Languages} \textit{of} \textit{the} \textit{World/} 

\textit{Materials} 63 . Muenchen. Lincom Europa.

DeAbrew, K. Kamal (1981) The Syntax and Semantics of Negation in

 Sinhala. PhD dissertation, Cornell University.

Deumert, A. and S. Durleman (eds.) (2006). \textit{Structure} \textit{and} \textit{Variation} \textit{in} \textit{Language}

\textit{Contact}. John Benjamins, Amsterdam.

Dryer, Matthew S. 1992.The Greenbergian Word Order Correlation. \textit{Language} \textit{68},1 .81-118.

Das Gupta, Dipankar and S. Manoharan. 1990. Sentence Structure in Some Indian  Languages. In Shree Krishna, ed. 1990. 83-133.

Emeneau, Murray B. 1956. India as a Linguistic Area. \textit{Language} \textit{32}. 3-16 

Fairbanks,G. H, J.W. Gair and M.W.S.  De Silva. 1958. \textit{Colloquial} \textit{Sinhalese} \textit{(Sinhala)}

 Vols. I and II. South Asia Program, Cornell (3rd corrected printing Vol. I, 1994)

Foley, Claire and James W. Gair. 1993. The Distribution of \textit{no-} in Sinhala. Paper given at 

 SALA, Iowa.

Fritz, Sonia 2002 \textit{A} \textit{Descriptive} \textit{Grammar} \textit{of} \textit{Dhivehi} \textit{and} \textit{Its} \textit{Dialects.} (2 vols.).  Beitr\"age zur S\"udasien-Institute Universit\"at Heidelberg, 

Gair, James W. 1970. \textit{Colloquial} \textit{Sinhala} \textit{Clause} \textit{Structures}. Mouton, The Hague. 

------------1976. The Verb in Sinhala, With  Some Preliminary Remarks on  Dravidianization. \textit{IJDL} \textit{5:2} 259-73

------------ 1986.  Sinhala Focused Sentences; Naturalization of a Calque. in 

 Bh Krishnamurti et al. eds. \textit{South Asian languages: Stucture, Convergence and  Diglossia}. Motilal Banarsidass. Delhi 1986.  147-164. (Reprinted, with additions, in  Gair 1998,, 153-169, 323-327.

------------1994. Universals and The South-South Asian Language Area. Keynote Address  SALA (South Asia Language Analysis). University of Pennsylvania, May 20, 1994.

------------1997. ``La Focalisation  en Singhalais'' in Annie Montaut et al. eds.

Tome 3, no. 9, of the Dictionnaire Encyclop\'edique des Langues et Faits de Langues.

------------1998a. \textit{Studies} \textit{in} \textit{South} \textit{Asian} \textit{Linguistics:} \textit{Sinhala} \textit{and} \textit{Other} \textit{South} \textit{Asian} \textit{Languages}. New York and Oxford, Oxford University Press.

-----------2005. Some Aspects of Finiteness and Control in Sinhala. in Rajendra Singh and  Tanmoy Bhattacharya (eds.) \textit{The} \textit{Yearbook} \textit{of} \textit{South} \textit{Asian} \textit{Languages} \textit{and} \textit{Linguistics.} Mouton-De Gruyter, Berlin and New York 2005.116-143. 

------2009. Focus, Clefts and Interrogatives in South-South Asia and Southern Island Indo- Aryan. Paper presented at the \'ecole d'\'et\'e  (INALCO) Agay, June 8, 2009. 

-----------S. Suseendirarajah and W.S. Karunatilaka .1978 \textit{An} \textit{Introduction} \textit{to} \textit{Spoken} \textit{[Sri} \textit{Lankan]} \textit{Tamil}. External Services Agency, University of Sri Lanka.. Reprinted 2005, S.  Godage and Brothers, Colombo.

-------------and John  C Paolillo. 1997 \textit{Sinhala.} \textit{Languages} \textit{of} \textit{the} \textit{World/} \textit{Materials} \textit{34.} 

Muenchen. Lincom Europa.

Greenberg, Joseph H. 1966 (1963). Some Universals of Grammar with Particular Attention to 

the Order of Meaningful Elements. in J.H. Greenberg, ed. \textit{Universals} \textit{of} \textit{Language}, MIT

 Press, Cambridge. 73-113.

Herring, Susan, and John Paolillo.199? Focus Position in SOV Languages. ms. University  of Texas, Arlington.

Jayaseelan, K.A. (1996) Question Word Movement to Focus and Scrambling in Malayalam. 

  \textit{Linguistic} \textit{Analysis} \textit{26,} 63-83.

Kachru, Braj B., Yamuna Kachru, and S.N. Sridhar. 2008. \textit{Language} \textit{in} \textit{South} \textit{Asia}. Cambridge  University Press, Cambridge.

Klaiman, M.H. 1977. Bengali Syntax: Possible Dravidian Influence. IJDL 3.1. 135-153.

------- 1990 Bengali. In Bernard Comrie, ed. \textit{The} \textit{World's} \textit{Major} \textit{Languages.}  

 Oxford,490-513.

Lakshmi Bai, B. Some Notes on Correlative Constructions in Dravidian. in Veneeta Z.  Acson and  Richard L. Leed, eds. \textit{For} \textit{Gordon} \textit{H.} \textit{Fairbanks.} University of Hawaii  Press, Honolulu. 181-190

Lindholm, James M. 1972. Cleft Sentences in Tamil and Malayalam.  in V. I. Subramoniam  and Elias Valentine, eds. \textit{Proceedings} \textit{of} \textit{the} \textit{FirstAll} \textit{India} \textit{Conference} \textit{of} \textit{Dravidian} 

\textit{Linguists}. Trivandrum 

Madhavan, P. 1987. \textit{Clefts} \textit{and} \textit{Pseudoclefts} \textit{in} \textit{English} \textit{and} \textit{Malayalam:} \textit{A} \textit{Study} \textit{in} \textit{Comparative} \textit{Syntax}. Ph.D. Dissertation, CIEFL, Hyderabad. 

 Publications in Linguistics, 6. Hyderabad. 274-279

Masica, C. P. (1976). \textit{Defining} \textit{a} \textit{Linguistic} \textit{Area:} \textit{South} \textit{Asia}. Chicago: University of  Chicago Press.

McFadden, Thomas and Sandya Sundaresan. 2010. DP Distribution and Finiteness in  Tamil and Other Languages: Selection vs. Case. JSAL 4,2. 1-25.

Mohiddin, S. Khader.1981. Aspects of Dravidian influence on Dakhani Syntax. in

  S. Agesthialingom and N. Rajasekharan Nair, \textit{Dravidian} \textit{Syntax}. Annamalai University 

Dept. of Linguistics Publication 73, Annamalainagar. 529-531.

Mukherjee, A. ed. \textit{Language} \textit{Variation} \textit{and} \textit{Language} \textit{Change}. Osmania University,

 Hyderabad. 105-122. 

Nordhoff, Sebastian. 2009. \textit{A} \textit{Grammar} \textit{of} \textit{Upcountry} \textit{Sri} \textit{Lanka} \textit{Malay}. University of 

Amsterdam Dissertation. Published by LOT Utrecht. Available online at http://www.lotpublications.nl/publish/articles/003744/bookpart.pdf.

Ramaswamy, K.  1981. Correlative Relative Clauses in Tamil.  in S. Agesthialingom and N.  Rajasekharan Nair, eds. \textit{Dravidian} \textit{Syntax}. Annamalai University Dept. of  Linguistics

 Publication 73, Annamalainagar.  363-380.

Schiffman, Harold F. 1999. \textit{A} \textit{Reference} \textit{Grammar} \textit{of} \textit{Spoken} \textit{Tamil.} Cambridge University  Press, Cambridge.

Shree Krishan, ed. 1990. \textit{Linguistic} \textit{Traits} \textit{Across} \textit{Language} \textit{Boundaries} (A Report of All  India

 Linguistic Traits Survey). Anthropological Survey of India, Calcutta

Smith, Ian. 2001. Creolization and Convergence in Morphosyntax: Sri Lanka Portuguese  and Sourashtra Nominal Marking Typology. In Rajendra Singh, Peri Bhaskararao,  and K.V. Subbarao (eds.) \textit{The Yearbook of South Asian Languages and  Linguistics 2001.} Sage Publications, New Delhi Thousand Oaks and London.  391-409 .  

-------and  S. Paauw. 2006. Sri Lanka Malay; Creole or Convert. In A. Deumert and S.    Durleman 2006. 160-181.\textit{Structure} \textit{and} \textit{Variation} \textit{in} \textit{Language}

\textit{Contact}. John Benjamins Amsterdam.

Somashekar, Shamitha 1999. \textit{Developmental} \textit{Trends} \textit{in} \textit{the} \textit{Acquisition} \textit{of} \textit{Relative} \textit{Clauses:} 

\textit{Cross-Linguistic} \textit{Experimental} \textit{Study} \textit{of} \textit{Tulu.} Ph.D. Dissertation, Cornell University.

Southworth, Franklin. 1971.  Detecting Prior Creolization: An Analysis of the Historical  Origins of Marathi. in Dell Hymes, ed. \textit{Pidginization} \textit{and} \textit{Creolization} \textit{of} \textit{Languages.}  Cambridge University Press, Cambridge. 255-273

--------and M. Apte, (eds). 1974. \textit{Contact and Convergence in South Asian  Languages}.     IJDL 3.1. 135-153.

Subbarao, K.V. 2008 . Typological Characteristics of South Asian Languages. in Kachru, Kachru, and Sridhar 2008. 49-78.

----------- in press. \textit{South} \textit{Asian} \textit{Languages:} \textit{a} \textit{Syntactic} \textit{Typology}. Cambridge University  Press. 

-------------1989. On Extreme Convergence: the Case of Dakkhini Hindi-Urdu. In I   Deumert \& Durleman 2006, pp. 159--182.

Subbarao, K.V., C. Vishvanath Rao. Anju Saxena, and Nalini Rau. 1989. The Verb `say' in

 South Asian languages: A study in Linguistic Convergence. in A. Mukherjee, ed.

 \textit{Language} \textit{Variation} \textit{and} \textit{Language} \textit{Change}. Osmania University, Hyderabad.  89-103.

Suseendirarajah, S. 1993. \textit{Jaffna} \textit{Tamil:} \textit{Phonology} \textit{and} \textit{Morphology}. University of Jaffna  Publication, Thirunelvely, Sri Lanka.  

-----------2008. Tamil Language in Sri Lanka and Some of its Archaisms and Peculiarities.  In   \textit{Dakkhina:} \textit{Papers} \textit{on} \textit{Buddhist} \textit{thought,} \textit{Linguistics,} \textit{and} \textit{Sri} \textit{Lankan} \textit{Culture} (James  Wells Gair Felicitation Volume). Godage International publishers, LTD, Colombo.67-85.