@article{Abbott1983,
	author="Abbott, Russell J",
	year="1983",
	title={Program design by informal {E}nglish descriptions},
	journal={Communications of the ACM},
	volume="26", 
	pages="882-894", 
	url={doi:10.1145/182.358441}
}

@incollection{AmithEtAl2005,
	author="Amith, Jonathan D. and Michael Maxwell",
	year="2005",
	title={Language documentation: {T}he {N}ahuatl grammar},
 	booktitle={\textit{Computational {L}inguistics and {I}ntelligent {T}ext {P}rocessing}}, 
	pages="474-485",	
	series={Lecture Notes in Computer Science},
	address={Berlin},
	publisher={Springer},
	url={http://www.springerlink.com/content/26tpwwnptltcvjy8/}
} 
	
	
@article{Anonymous2010,
	author="Anonymous",
	year="2010",
	title={Reproducible research},
	journal={Computing in Science and Engineering},
	volume="12", 
	pages="8-13", 
	url={doi:http://doi.ieeecomputersociety.org/10.1109/MCSE.2010.113}
}

@misc{BahraniEtAl2011,
	author="Bahrani, Mohammad and Hossein Sameti and Mehdi Hafezi Manshadi",
	year="2011",
	title={A computational grammar for {P}ersian based on {G}{P}{S}G},
	conference={Language Resources and Evaluation},
	url={doi: 10.1007/s10579-011-9144-1}
}

@article{Bauer2010,
	author="Bauer, Laurie",
	year="2010",
	title={An overview of morphological universals},
	journal={Word Structure},
	volume="3", 
	pages="131-140", 
	url={doi:10.3366/word.2010.0001}
}

@incollection{BerryEtAl2003,
	author="Berry, Daniel M. and Erik Kamsties",
	year="2003",
	title={Ambiguity in requirements specification},
	booktitle={Perspectives	on {S}oftware {R}equirements},
	series="The Springer International Series in Engineering and Computer Science",
	volume="753",
	publisher={Springer}
}

@book{BeesleyEtAl2003,
	author="Beesley, Kenneth R. and Lauri Karttunen",
	year="2003",
	title={Finite {S}tate {M}orphology},
	series={CSLI Studies in Computational Linguistics},
	address={Chicago},
	publisher={University of Chicago Press}
}

@incollection{BenderEtAl2010,
	author="Bender, Emily and Scott Drellishak and Antske Fokkens and Michael Wayne Goodman and Daniel P. Mills and Laurie Poulson and Sa[FB01?]yyah Saleem",
	year="2010",
	title={Grammar prototyping and testing with the {L}in{G}{O} grammar matrix customization system},
	booktitle={A{C}{L} 2010 {S}ystem {D}emonstrations}, 
	pages="1-6", 
	url={http://aclweb.org/anthology-new/P/P10/P10-4.pdf}
}

@article{BirdEtAl2003,
	author="Bird, Steven and Gary Simons",
	year="2003",
	title={Seven dimensions of portability for language documentation and description},
	journal={Language},
	volume="79", 
	pages="557-582",
}

@book{BorghoffEtAl2003,
	author={Borghoff, Uwe M.; Peter R\"odig, Jan Scheffczyk and Lothar Schmitz},
	year="2003",
	title={Long-{T}erm {P}reservation of {D}igital {D}ocuments: {P}rinciples and {P}ractices},
	address={Berlin},
	publisher={Springer}
}

@incollection{BuckheitEtAl1995,
	author="Buckheit, J and D L Donoho",
	year="1995",
	title={Wavelab and {R}eproducible {R}esearch},
	editor={A Antoniadis},
	booktitle={Wavelets and {S}tatistics}, 
	pages="55-81", 
	publisher="Springer", 
	url={http://citeseerx.ist.psu.edu/viewdoc/summary?doi=10.1.1.53.6201}
}

@Phdthesis{Carrier1979,
	author="Carrier, Jill",
	year="1979",
	title={The interaction of morphological and phonological rules in {T}agalog: a study in the relationship between rule components in grammar},
	address={Cambridge, MA},
	school={MIT},
	url={http://hdl.handle.net/1721.1/16199}
} 

@book{Carstairs1987,
	author="Carstairs, Andrew",
	year="1987",
	title={Allomorphy in {I}nflexion},
	series={Croom Helm Lingustic Series},
	addres={London},
	publisher={Croom Helm}
}

@article{Chomsky1956,
	author="Chomsky, Noam",
	year = "1956",
	title="{T}hree models for the description of language",
	journal={IRE Transactions on Information Theory},
	volume="2",
	pages="113-124", 
	url={http://www.chomsky.info/articles/195609--.pdf}
}

@incollection{Chomsky1964,
	author="Chomsky, Noam",
	year="1964",
	title={The logical basis of linguistic theory},
	pages={914-1008},
	booktitle={Ninth {I}nternational {C}ongress of {L}inguists},
	address={The Hague},
	publisher={Mouton}
}

@Book{Chomsky1965,
	author="Chomsky, Noam",
	year="1965",
	title={Aspects of the {T}heory of {S}yntax},
	address={Cambridge, MA},
	publisher={MIT Press}
}

@article{ChomskyEtAl1965,
	author="Chomsky, Noam and Morris Halle",
	year="1965",
	title={Some controversial questions in phonological theory},
	journal={Journal of Linguistics},
	volume="1",
	pages="97-138",
}

@incollection{ClaerboutEtAl1992,
	author="Claerbout, Jon and Martin Karrenbach",
	year="1992",
	title={Electronic documents give reproducible research a new meaning},
	booktitle={62nd {A}nnual {I}nternational {M}eeting of the {S}ociety of {E}xploration {G}eophysics}, 
	pages="601-604", 
	url={http://sepwww.stanford.edu/doku.php?id=sep:research:reproducible:seg92}
}

@incollection{DavidEtAl2008,
	author="David, Anne and Michael Maxwell",
	year="2008",
	title={Joint grammar development by linguists and computer scientists},
 	booktitle={Workshop on {N}{L}{P} for {L}ess {P}rivileged {L}anguages, {T}hird {I}nternational {J}oint {C}onference on {N}atural {L}anguage {P}rocessing}, 
	pages="27-34",	
	address={Hyderabad, India},
	publisher={Asian Federation of Natural Language Processing},
	url={http://hdl.handle.net/1903/7567}
}

@book{Dixon2010,
	author="Dixon, R.M.W",
	year="2010",
	title={Basic {L}inguistic {T}heory, {V}olume 1: {M}ethodology},
	address={Oxford},
	publisher={Oxford University Press}
}

@article{DonohoEtAl2009,
	author="Donoho, David L. and Arian Maleki and Inam Ur Rahman and Morteza Shahram and Victoria Stodden",
	year="2009",
	title={Reproducible research in computational harmonic analysis},
	journal={Computing in Science and Engineering},
	volume="11", 
	pages="8-18", 	
	url={http://doi.ieeecomputersociety.org/10.1109/MCSE.2009.15}
}

@incollection{Dryer2006,
	author="Dryer, Matthew",
	year="2006",
	title={Descriptive theories, explanatory theories, and basic linguistic theory},
	editor={F.  Ameka,  A.  Dench  and  N.  Evans },
	booktitle={Catching  {L}anguage:  {T}he  {S}tanding {C}hallenge of {G}rammar {W}riting},
	address={Berlin},
	publisher={Mouton de Gruyter},
	pages="235-268"
}

@article{FomelEtAl2009,
	author="Fomel, S. and J. F Claerbout",
	year="2009",
	title={Guest editors' introduction: {R}eproducible research},
	journal={Computing in Science Engineering},
	volume="11", 
	pages="5-7",
	url={doi:10.1109/MCSE.2009.14}
}

@book{Frampton2009,
	author="Frampton, J",
	year="2009",
	title={Distributed reduplication},
	booktitle={Linguistic {I}nquiry {M}onographs},
	publisher="MIT Press"
}

@incollection{Gamboa2003,
	author="Gamboa, R",
	year="2003",
	title={Writing literate proofs with {X}{M}{L} tools},
	booktitle={Fourth {I}nternational {W}orkshop on the {A}{C}{L}2 {T}heorem {P}rover and  its {A}pplications},
	address="Boulder, CO"
}

@book{GentlemanEtAl2004,
	author="Gentleman, Robert and Duncan Temple Lang",
	year="2004",
	title={Statistical analyses and reproducible research},
	series={Bioconductor Project Working Papers Working Paper 2}, 
	url={http://www.bepress.com/bioconductor/paper2}
}

@article{Goldsmith2001,
	author="Goldsmith, John",
	year="2001",
	title={Unsupervised learning of the morphology of a natural language},
	journal={Computational Linguistics}, 
	pages="153-189", 
}

@incollection{Halle1978,
	author="Halle, M",
	year="1978",
	title={Knowledge unlearned and untaught: {W}hat speakers know about the sounds of their language},
	editor={M. Halle, J. Bresnan and G. Miller},
	booktitle={Linguistic {T}heory and {P}sychological {R}eality}, 
	pages="294-303",	
	address={Cambridge, MA},
	publisher={MIT Press}
}

@article{Hothorn2011,
	author="Hothorn, Torsten and Friedrich Leisch",
	year="2011",
	title={Case studies in reproducibility},
	journal={Briefings in Bioinformatics},
	url={doi:10.1093/bib/bbq084.}
}

@incollection{HughesEtAl2003,
	author="Hughes, Baden; Steven Bird and Catherine Bow",
	year="2003",
	title={Encoding and presenting interlinear text using {X}{M}{L} technologies},
	booktitle={Australasian {L}anguage {T}echnology {W}orkshop 2003},
	address={Melbourne, Australia},
	date={December 10, 2003}
}

@Book{InkelasEtAl2005,
	author="Inkelas, Sharon and Cheryl Zoll",
	year="2005",
	title={Reduplication: doubling in morphology},
	series={Cambridge studies in linguistics},
	address={Cambridge, UK},
	publisher={Cambridge University Press}
} 

@manual{ISOTC37SC4.,
	author="ISO/TC 37/SC 4",
	year="2006",
	title={Language resource management --- {F}eature structures --- {P}art 1: {F}eature structure representation},
	series = {ISO Publication},
	volume = {ISO 24610-1:2006}
}

@manual{ISOTC37SC4,
	author="ISO/TC 37/SC 4",
	year="2007",
	title={Language resource management --- {F}eature structures --- {P}art 2: {F}eature system declaration},
	series ={ISO Publication ISO/FDIS },      
	volume="24610-2",
}

@manual{ISOTC37SC4,
	author="ISO/TC 37/SC 4",
	year="2008",
	title={Language resource management --- {L}exical markup framework ({L}{M}{F})},
	series = {ISO Publication},
	volume ={ISO 24613:2008} 
}

@book{KamstiesEtAl2003,
	author="Kamsties, Erik and Daniel M. Berry and Mickey Krieger",
	year="2003",
	title={From contract drafting to software specification: {L}inguistic sources of ambiguity, {A} {H}andbook},
	address={Waterloo, Ontario},
	publisher={School of Computer Science, University of Waterloo},
	url={http://se.uwaterloo.ca/~dberry/handbook/ambiguityHandbook.pdf}
}

@incollection{Karttunen2006,
	author="Karttunen, Lauri",
	year="2006",
	title={The insufficiency of paper-and-pencil linguistics: the case of {F}innish prosody -- {I}ntelligent {L}inguistic {A}rchitectures -- {V}ariations on themes by {R}onald {M}. {K}aplan},
	editor={Miriam Butt, Mary Dalrymple and Tracy Holloway King},
	pages="287-300", 
	publisher="CSLI Publications",
	address="Stanford, California"
}

@article{Knuth1986,
	author="Knuth, Donald E.",
	year="1986",
	title={Computers and typesetting},
	journal={TUGboat},
	volume="7",
	note="Reprinted in Donald Knuth (1999) pp. 95-98", 
}	

@book{Knuth1999,
	author="Knuth, Donald E.",
	year="1999",
	booktitle={Digital {T}ypography},
	series="CSLI Lecture Notes",
	volume={78}, 
	pages="555-562",	
	address={Stanford},
	publisher={CSLI Publications}
}

@Book{Knuth1992,
	author="Knuth, Donald E",
	year="1992",
	title={Literate {P}rogramming},
	series={CSLI Lecture Notes},
	address={Stanford},
	publisher={Center for the Study of Language and Information}
}

@article{Knuth1996,
	author="Knuth, Donald E. 1996",
	title={Questions and {A}nswers, {I}I},
	journal={TUGboat},
	volume="17",
	year="1996", 
	pages="355-367", 
	note="Reprinted in Donald Knuth (1999) pp. 601-624"
}

@article{KoenkerEtAl2009,
	author="Koenker, Roger and Achim Zeileis",
	year="2009",
	title={On reproducible econometric research},
	journal={Journal of Applied Econometrics},
	volume="24", 
	pages="833-847", 
	url={doi:10.1002/jae.1083}
}

@article{LaineEtAl2007,
	author="Laine, Christine and Steven N Goodman and Michael E Griswold and Harold C Sox",
	year="2007",
	title={Reproducible research: {M}oving toward research the public can really trust},
	journal={Annals of Internal Medicine},
	volume="146", 
	pages="450-453"
}

@incollection{Leisch2002,
	author="Leisch, Friedrich",
	year="2002",
	title={Sweave: {D}ynamic generation of statistical reports using literate data analysis},
	editor={Wolfgang H\"ardle and Bernd R\"onz},
	booktitle={Compstat 2002---{P}roceedings in {C}omputational {S}tatistics}, 
	pages="575-580", 
	publisher="Physica Verlag",
	address="Heidelberg",
	url={http://www.stat.uni-muenchen.de/leisch/Sweave}
}

@article{LenthEtAl2011,
	author="Lenth, Russell and S{\o}ren H{\o}jsgaard",
	year="2011",
	title={Reproducible statistical analysis with multiple languages},
	journal={Computational Statistics}, 
	pages="1-8", 	
	url={doi:10.1007/s00180-011-0245-5}
}

@article{LewisEtAl2008,
	author="Lewis, William and Fei Xia and Dan Jinguji",
	year="2008",
	title={Enriching language data through projected structures},
	journal={Texas Linguistics Society},
	volume="10", 
	pages="85-98", 
	url={http://csli-publications.stanford.edu/TLS/TLS10-2006/TLS10_Lewis_Xia_Jinguji.pdf} 
}

@article{Marantz1982,
	author="Marantz, Alec",
	year="1982",
	title={Re-reduplication},
	journal={Linguistic Inquiry},
	volume="13", 
	pages="435-482"
}

@misc{Maxwell1996,
	author="Maxwell, Michael B.",
	title="{T}wo theories of morphology, one implementation",
	howpublished="Paper presented at the meeting of the SIL 1996 General CARLA Conference, Waxhaw, NC",
	year="1996",
	url={http://www.sil.org/silewp/1998/001/}
}

@misc{MaxwellEtAl2005,
	author="Maxwell, Michael and Jonathan Amith",
	year="2005",
	title="{L}anguage documentation -- {A}rchiving grammars",
	howpublished="Presented at CLS 2005",
	journal={CLS},
	volume="45"
}

@incollection{MaxwellEtAl2008,
	author="Maxwell, Michael and Anne David",
	year="2008",
	title={Interoperable grammars},
 	booktitle={First {I}nternational {C}onference on {G}lobal {I}nteroperability for {L}anguage {R}esources ({I}{C}{G}{L} 2008)}, 
	pages="155-162", 
	address="Hong Kong",
	url={http://hdl.handle.net/1903/7568}
}

@incollection{McCarthyEtAl1995,
	author="McCarthy, John J. and Alan Prince",
	year="1995",
	title={Faithfulness and reduplicative identity},
	editor={Jill N. Beckman, Laura Walsh and Suzanne Urbanczyk},
	series={Papers in Optimality Theory},
	booktitle={University of {M}assachusetts {O}ccasional {P}apers},
	volume="18",
	pages="249-384",
	address={University of Massachusetts, Amherst},
	publisher={UMOP}
}

@article{Meyer1985,
	author="Meyer, Bertrand",
	year="1985",
	title={On formalism in specifications},
	journal={IEEE Software},
	volume="3", 
	pages="6-25",
}

@book{Mielke2008,
	author="Mielke, Jeff",
	year="2008",
	title={The emergence of distinctive features},
	address="Oxford",
	publisher="Oxford University Press"
}

@book{MorseEtAl1999,
	author="Morse, Nancy L. and Michael B. Maxwell",
	year="1999",
	title={Cubeo {G}rammar},
	journal={Studies in the Languages of Colombia},
	volume={5},
	address={Dallas, TX},
	publisher={Summer Institute of Linguistics}
}

@article{MunroEtAl1973,
	author={Munro, P. and P. J. Benson},
	year={1973},
	title={Reduplication and rule ordering in {L}uise{\~n}o},
	journal={IJAL},
	volume={39}, 
	pages="15-21"
} 

@article{Nordhoff2008,
	author="Nordhoff, S",
	year="2008",
	title={Electronic reference grammars for typology: {C}hallenges and solutions},
	journal={Language Documentation \& Conservation},
	volume="2",
	issue="2",
	pages="296-324", 
	url={http://hdl.handle.net/10125/4352}
}

@book{Payne1981,
	author="Payne, David L",
	year="1981",
	title={he {P}honology and morphology of {A}xininca {C}ampa},
	series={Summer Institute of Linguistics Publications in Linguistics},
	volume={66},
	address={Dallas, TX},
	publisher={Summer Inst. of Ling. and Univ. of Texas at Arlington}
}

@article{Pedersen2008,
	author="Pedersen, Ted",
	year="2008",
	title={Empiricism is not a matter of faith},
	journal={Computational Linguistics},
	volume="34", 
	pages="465-470"
}

@article{Peng2009,
	author="Peng, Roger D",
	year="2009",
	title={Reproducible research and biostatistics},
	journal={Biostatistics},
	volume="10", 
	pages="405-408", 	
	url={doi:10.1093/biostatistics/kxp014}
}

@article{PengEtAl2006,
	author="Peng, Roger D, Francesca Dominici and Scott L Zeger",
	year="2006",
	title={Reproducible epidemiologic research},
	journal={American Journal of Epidemiology},
	volume="163", 
	pages="783-789", 	
	url={doi:10.1093/aje/kwj093}
}

@book{Raimy2000,
	author="Raimy, E",
	year="2000",
	title={The phonology and morphology of reduplication},
	series={Studies in generative grammar},
	address={The Hague},
	publisher={Mouton de Gruyter}
} 

@misc{Schmid2005,
	author="Schmid, Helmut",
	year="2005",
	title={A {P}rogramming language for finite state transducers},
	conference={5th International Workshop on Finite State Methods in Natural Language},  address={Helsinki, Finland}
}

@incollection{Thieberger2009,
	author="Thieberger, N",
	year="2009",
	title={Steps toward a grammar embedded in data},
	editor={Epps, Patricia and Alexandre Arkhipov},
	booktitle={New {C}hallenges in {T}ypology: {T}ranscending the {B}orders and {R}efining the {D}istinctions},
	pages={389-408},
        address={Berlin, New York, NY},
	publisher={Mouton de Gruyter}
}

@article{VandewalleEtAl2009,
	author="Vandewalle, Patrick and Jelena Kova\v{c}evi\'c and Martin Vetterli",
	year="2009",
	title={Reproducible research in signal {P}rocessing---{W}hat, why and how},
	journal={IEEE Signal Processing Magazine},
	volume="26", 
	pages="37-47", 	
	url={doi:10.1109/MSP.2009.932122}
}

@manual{Walsh2002,
	author="Walsh, Norman",
	year="2002",
	title={Literate programming in {X}{M}L},
 	url={http://nwalsh.com/docs/articles/xml2002/paper.pdf}
} 

@book{WalshEtAL2011,
	author="Walsh, Norman and Richard Hamilton",
	year="2011",
	title={Doc{B}ook 5: {T}he {D}efinitive guide},
	address={Sebastopol, CA},
	publisher={O'Reilly Press},
	url={http://www.docbook.org/tdg5/en/html/docbook.html}
}

@BOOK{WeberEtAl1988,
	author="Weber, David J. and H. Andrew Black and Stephen R. McConnel",
	year="1988",
	title={A{M}{P}{L}{E}: {A} {T}ool for exploring morphology},
	series={Occasional Publications in Academic Computing},
	volume="12",
	address={Dallas},
	publisher={Summer Institute of Linguistics}
}

@BOOK{Wiegers2003,
	author="Wiegers, Karl",
	year="2003",
	title={Software requirements: practical techniques for gathering and managing requirements throughout the product development cycle},
	address={Redmond, WA.},
	edition={2},
	publisher={Microsoft Press}
}

@book{Wilbur1973,
	author="Wilbur, Ronnie",
	year="1973",
	title={The {P}honology of {R}eduplication},
	address={Bloomington, IN},
	publisher={Indiana University Linguistics Club}
}

@book{Raymond2004,
  author={Raymond, Eric Steven},
  year={2004},
  title={The art of {U}{N}{I}{X} programming},
  publisher={Addison-Wesley},
  address={Boston},
}
