% This file was created with JabRef 2.7b.
% Encoding: ISO8859_1

@PHDTHESIS{Nordhoff2009phd,
  author = {Sebastian Nordhoff},
  title = {A Grammar of Upcountry Sri Lanka Malay},
  school = {University of Amsterdam},
  year = {2009},
  lgcode = {[sci]},
  owner = {snordhoff},
  timestamp = {2012.06.05},
  url = {http://www.lotpublications.nl/publish/articles/003744/bookpart.pdf}
}

@BOOK{Nordhoff2004,
  author = {Sebastian Nordhoff},
  year = {2004},
  title = {Nomen/Verb-Distinktion im Guarani},
  address = {K\"oln},
  publisher = {Universit\"at zu K\"oln},
  series = {Arbeitspapier Neue Folge Nr. 48},
  lgcode = {[gug]},
  owner = {snordhoff},
  timestamp = {2012.05.30},
  url = {http://pubman.mpdl.mpg.de/pubman/item/escidoc:384998:3/component/escidoc:384996/guarani_nordhoff2004_s.pdf?mode=download}
}

@comment{jabref-meta: selector_publisher:}

@comment{jabref-meta: selector_author:}

@comment{jabref-meta: selector_journal:}

@comment{jabref-meta: selector_keywords:}

% This file was created with JabRef 2.7b.
% Encoding: ISO8859_1

@BOOK{ChiarcosEtAlEd2012,
  editor = {Christian Chiarcos and Sebastian Nordhoff and Sebastian Hellmann},
  year = {2012},
  title = {Linked Data in Linguistics. Representing Language Data and Metadata},
  address = {Heidelberg},
  publisher = {Springer},
  owner = {snordhoff},
  timestamp = {2012.06.05},
  url = {http://ldl2012.lod2.eu/program/proceedings}
}

@BOOK{NordhoffEd2012brill,
  editor = {Nordhoff, Sebastian},
  year = {2012},
  title = {The genesis of Sri Lanka Malay -- A case of extreme language contact},
  address = {Leiden},
  publisher = {Brill},
  lgcode = {[sci]},
  owner = {snordhoff},
  timestamp = {2011.09.13}
}

@BOOK{NordhoffEd2012grammaticography,
  editor = {Nordhoff, Sebastian},
  year = {2012},
  title = {Electronic Grammaticography},
  address = {Manoa},
  publisher = {University of Hawai'i Press},
  owner = {snordhoff},
  timestamp = {2012.05.31},
  url = {http://scholarspace.manoa.hawaii.edu/bitstream/handle/10125/4552/master.pdf}
}

@comment{jabref-meta: selector_publisher:}

@comment{jabref-meta: selector_author:}

@comment{jabref-meta: selector_journal:}

@comment{jabref-meta: selector_keywords:}

% This file was created with JabRef 2.10.
% Encoding: Cp1252


@InCollection{ChiarcosEtAl2012ldl-llod,
  Title                    = {Linking linguistic resources: {Examples} from the {Open Linguistics Working Group}},
  Author                   = {Christian Chiarcos and Sebastian Hellmann and Sebastian Nordhoff},
  Booktitle                = {Linked Data in Linguistics. Representing Language Data and Metadata},
  Publisher                = {Springer},
  Year                     = {2012},

  Address                  = {Heidelberg},
  Editor                   = {Christian Chiarcos and Sebastian Nordhoff and Sebastian Hellmann},
  Pages                    = {201-216},

  Crossref                 = {ChiarcosEtAlEd2012}
}

@InCollection{ChiarcosEtAl2012ldl-owlg,
  Title                    = {The Open Linguistics Working Group of the Open Knowledge Foundation},
  Author                   = {Christian Chiarcos and Sebastian Hellmann and Sebastian Nordhoff},
  Booktitle                = {Linked Data in Linguistics. Representing Language Data and Metadata},
  Publisher                = {Springer},
  Year                     = {2012},

  Address                  = {Heidelberg},
  Editor                   = {Christian Chiarcos and Sebastian Nordhoff and Sebastian Hellmann},
  Pages                    = {153-160},

  Crossref                 = {ChiarcosEtAlEd2012}
}

@InCollection{Nordhoff2012ldl,
  Title                    = {Linked Data for linguistic diversity research: Glottolog/Langdoc and ASJP},
  Author                   = {Sebastian Nordhoff},
  Booktitle                = {Linked Data in Linguistics. Representing Language Data and Metadata},
  Publisher                = {Springer},
  Year                     = {2012},

  Address                  = {Heidelberg},
  Editor                   = {Christian Chiarcos and Sebastian Nordhoff and Sebastian Hellmann},
  Pages                    = {191-200},

  Crossref                 = {ldl2012},
  Owner                    = {snordhoff},
  Timestamp                = {2012.06.05}
}

@InCollection{Nordhoff2015valency,
  Title                    = {Case frames in Sri Lanka Malay},
  Author                   = {Nordhoff, Sebastian},
  Booktitle                = {Valency Classes in the World’s Languages},
  Publisher                = {de Gruyter Mouton},
  Year                     = {2015},

  Address                  = {Berlin},
  Editor                   = {Andrej Malchukov and Bernard Comrie},
  Pages                    = {987-1014},
  Volume                   = {2},

  Crossref                 = {MalchukovEtAlEdfcvalnecy},
  Owner                    = {snordhoff},
  Timestamp                = {2012.05.30}
}

@InCollection{Nordhoff2012multilayer,
  Title                    = {The development of Sri Lanka Malay as a multi-layered process},
  Author                   = {Sebastian Nordhoff},
  Booktitle                = {The genesis of Sri Lanka Malay -- A case of extreme language contact},
  Publisher                = {Brill},
  Year                     = {2012},

  Address                  = {Leiden},
  Editor                   = {Nordhoff, Sebastian},
  Pages                    = {251-280},

  Crossref                 = {NordhoffEd2012Brill},
  Owner                    = {snordhoff},
  Timestamp                = {2012.05.31}
}

@InCollection{AnsaldoEtAl2009age,
  Title                    = {Complexity and the age of languages},
  Author                   = {Umberto Ansaldo and Sebastian Nordhoff},
  Booktitle                = {Complex processes in new languages},
  Publisher                = {John Benjamins},
  Year                     = {2009},

  Address                  = {Amsterdam},
  Editor                   = {Enoch O. Aboh and N. Smith},
  Pages                    = {345-363},

  Lgcode                   = {[sci] [cmn] [och]},
  Timestamp                = {2009.04.29}
}

@Article{ChiarcosEtAl2012tal,
  Title                    = {Towards a Linguistic Linked Open Data cloud: The Open Linguistics Working Group.},
  Author                   = {Chiarcos, Christian and Hellmann, Sebastian and Nordhoff, Sebastian},
  Journal                  = {TAL},
  Year                     = {2011},
  Number                   = {3},
  Pages                    = {245--275},
  Volume                   = {52},

  Url                      = {http://atala.org/IMG/pdf/Chiarcos-TAL52-3.pdf}
}

@InProceedings{ChiarcosEtAl2012lrec-owlg,
  Title                    = {The Open Linguistics Working Group},
  Author                   = {Christian Chiarcos and Sebastian Hellmann and Sebastian Nordhoff and Steven Moran and Richard Littauer and Judith Eckle-Kohler and Iryna Gurevych and Silvana Hartmann and Michael Matuschek and Christian M. Meyer},
  Booktitle                = {Proceedings of LREC 2012},
  Year                     = {2012},

  Owner                    = {snordhoff},
  Timestamp                = {2012.06.05}
}

@InCollection{HammarstroemEtAl2010Melanesia,
  Title                    = {The languages of Melanesia: Quantifying the level of coverage},
  Author                   = {Harald Hammarstr\"om and Sebastian Nordhoff},
  Booktitle                = {Melanesian languages on the edge of Asia: Challenges for the 21st Century},
  Publisher                = {University of Hawai'i Press},
  Year                     = {2012},

  Address                  = {Honolulu},
  Editor                   = {Marian Klamer and Nick Evans},
  Pages                    = {13-33},
  Series                   = {LDC},

  Timestamp                = {2011.10.20},
  Url                      = {http://hdl.handle.net/10125/4559}
}

@Article{HammarstroemEtAl2011Oslo,
  Title                    = {LangDoc: Bibliographic Infrastructure for Linguistic Typology},
  Author                   = {Harald Hammarstr\"om and Sebastian Nordhoff},
  Journal                  = {Oslo Studies in Language},
  Year                     = {2011},
  Number                   = {2},
  Pages                    = {31-43},
  Volume                   = {3},

  Timestamp                = {2011.10.24},
  Url                      = {https://www.journals.uio.no/index.php/osla/article/view/75/199}
}

@InCollection{NitzEtAl2010,
  Title                    = {Subtractive Plural Morphology in Sinhala},
  Author                   = {Eike Nitz and Sebastian Nordhoff},
  Booktitle                = {Rara \& Rarissima. Collecting and interpreting unusual characteristics of human languages},
  Publisher                = {Mouton de Gruyter},
  Year                     = {2010},

  Address                  = {Berlin},
  Editor                   = {Jan Wohlgemuth and Michael Cysouw},
  Pages                    = {247-266},

  Lgcode                   = {[sin]},
  Timestamp                = {2007.08.08}
}

@InCollection{Nordhoff2012ldl-glottolog,
  Title                    = {{Linked Data} for linguistic diversity research: {Glottolog/Langdoc} and {ASJP}},
  Author                   = {Sebastian Nordhoff},
  Booktitle                = {Linked Data in Linguistics. Representing and Connecting Language Data and Language Metadata},
  Publisher                = {Springer},
  Year                     = {2012},

  Address                  = {Heidelberg},
  Editor                   = {Chiarcos, Christian and Nordhoff, Sebastian and Hellmann, Sebastian},
  Pages                    = {191-200},

  Doi                      = {10.1007/978-3-642-28249-2},
  ISBN                     = {978-3-642-28248-5},
  Url                      = {http://www.springer.com/computer/ai/book/978-3-642-28248-5}
}

@InCollection{Nordhoff2013valpal,
  Title                    = {Sri Lanka Malay Valency Patterns},
  Author                   = {Sebastian Nordhoff},
  Booktitle                = {Valency Patterns Leipzig.},
  Publisher                = {Max Planck Institute for Evolutionary Anthropology},
  Year                     = {2013},

  Address                  = {Leipzig},
  Editor                   = {Hartmann, Iren and Haspelmath, Martin and Taylor, Bradley},

  Owner                    = {snordhoff},
  Timestamp                = {2018.03.18},
  Url                      = {http://valpal.info/languages/sri-lanka-malay}
}

@InCollection{Nordhoff2013joat,
  Title                    = {Jack-of-all-trades: The Sri Lankan Malay property word},
  Author                   = {Sebastian Nordhoff},
  Booktitle                = {Flexible word classes: a typological study of underspecified parts-of-speech},
  Publisher                = {OUP},
  Year                     = {2013},

  Address                  = {Oxford},
  Editor                   = {van Lier, Eva and Rijkhoff, Jan},
  Pages                    = {247-274},

  Lgcode                   = {[sci]},
  Timestamp                = {2007.08.08}
}

@InCollection{Nordhoff2012fufomp,
  Title                    = {The grammatical description as a collection of form-meaning pairs},
  Author                   = {Sebastian Nordhoff},
  Booktitle                = {Electronic Grammaticography},
  Publisher                = {University of Hawai'i Press},
  Year                     = {2012},

  Address                  = {Manoa},
  Editor                   = {Sebastian Nordhoff},
  Pages                    = {33-62},

  Timestamp                = {2011.08.25},
  Url                      = {http://scholarspace.manoa.hawaii.edu/bitstream/handle/10125/4529/nordhoff.pdf}
}

@InCollection{Nordhoff2012sketch,
  Title                    = {Sri Lanka Malay sketch grammar},
  Author                   = {Sebasian Nordhoff},
  Booktitle                = {The genesis of Sri Lanka Malay -- A case of extreme language contact},
  Publisher                = {Brill},
  Year                     = {2012},

  Address                  = {Leiden},
  Editor                   = {Nordhoff, Sebastian},
  Pages                    = {13-49},

  Owner                    = {snordhoff},
  Timestamp                = {2012.06.02}
}

@Article{Nordhoff2013slp,
  Title                    = {The current state of Sri Lanka Portuguese},
  Author                   = {Sebastian Nordhoff},
  Journal                  = {Journal of Pidgin and Creole Languages},
  Year                     = {2013},
  Number                   = {1},
  Pages                    = {425-434},
  Volume                   = {28},

  Owner                    = {snordhoff},
  Timestamp                = {2012.06.02}
}

@Article{Nordhoff2012sinhalainfluence,
  Title                    = {Establishing and dating Sinhala influence in Sri Lanka Malay},
  Author                   = {Sebastian Nordhoff},
  Journal                  = {Journal of Language Contact},
  Year                     = {2012},
  Number                   = {1},
  Pages                    = {23-57},
  Volume                   = {5},

  Owner                    = {snordhoff},
  Timestamp                = {2012.05.30},
  Url                      = {http://booksandjournals.brillonline.com/content/10.1163/187740912x623398;jsessionid=4js22dpsqp7q8.x-brill-live-01}
}

@Article{Nordhoff2012smith,
  Title                    = {Commentary on Smith's papers},
  Author                   = {Sebastian Nordhoff},
  Journal                  = {Journal of Language Contact},
  Year                     = {2012},
  Pages                    = {73-79},
  Volume                   = {5},

  Owner                    = {snordhoff},
  Timestamp                = {2012.05.30},
  Url                      = {http://booksandjournals.brillonline.com/content/10.1163/187740912x623415;jsessionid=4js22dpsqp7q8.x-brill-live-01}
}

@Article{Nordhoff2012svc,
  Title                    = {Multi-verb constructions in Sri Lanka Malay},
  Author                   = {Sebastian Nordhoff},
  Journal                  = {Journal of Pidgin and Creole Languages},
  Year                     = {2012},
  Number                   = {2},
  Pages                    = {303-343},
  Volume                   = {27},

  Lgcode                   = {[sci] [sin] [tam]},
  Timestamp                = {2011.03.24}
}

@Article{Nordhoff2011copula,
  Title                    = {Having come to be a copula in Sri Lanka Malay -- an unusual grammaticalization path},
  Author                   = {Sebastian Nordhoff},
  Journal                  = {Folia Linguistica},
  Year                     = {2011},
  Number                   = {1},
  Pages                    = {103-126},
  Volume                   = {45},

  Lgcode                   = {[sci] [sin] [tam] [ind]},
  Timestamp                = {2011.03.24}
}

@Article{Nordhoff2011transparency,
  Title                    = {Transparency in Sri Lanka Malay},
  Author                   = {Nordhoff, Sebastian},
  Journal                  = {Linguistics in Amsterdam},
  Year                     = {2011},
  Number                   = {2},
  Volume                   = {4},

  Lgcode                   = {[sci]},
  Timestamp                = {2011.03.24}
}

@Article{Nordhoff2008jldc,
  Title                    = {Electronic reference grammars for typology -- challenges and solutions},
  Author                   = {Sebastian Nordhoff},
  Journal                  = {Journal for Language Documentation and Conservation},
  Year                     = {2008},
  Number                   = {2},
  Pages                    = {296--324},
  Volume                   = {2},

  Timestamp                = {2009.05.15},
  Url                      = {http://hdl.handle.net/10125/4352}
}

@Article{Nordhoff2008lia,
  Title                    = {Towards a mathematical model of word class clusterings},
  Author                   = {Nordhoff, Sebastian},
  Journal                  = {Linguistics in Amsterdam},
  Year                     = {2008},
  Pages                    = {5-35},
  Volume                   = {1},

  Owner                    = {snordhoff},
  Timestamp                = {2012.06.05},
  Url                      = {http://www.linguisticsinamsterdam.nl/cgi/t/text/get-pdf?c=aclc;idno=0101a02}
}

@InProceedings{NordhoffEtAl2012DH,
  Title                    = {Cataloguing linguistic diversity: Glottolog/Langdoc},
  Author                   = {Sebastian Nordhoff and Harald Hammarstr\"om},
  Booktitle                = {Proceedings of Digital Humanities 2012},
  Year                     = {2012},

  Owner                    = {snordhoff},
  Timestamp                = {2012.06.05}
}

@InProceedings{NordhoffEtAl2012lrec,
  Title                    = {Glottolog/Langdoc: Increasing the visibility of grey literature for low-density languages},
  Author                   = {Sebastian Nordhoff and Harald Hammarstr\"om},
  Booktitle                = {Proceedings of LREC 2012},
  Year                     = {2012},

  Url                      = {http://www.lrec-conf.org/proceedings/lrec2012/pdf/733_Paper.pdf}
}

@InProceedings{NordhoffEtAl2011iswc,
  Title                    = {{Glottolog/Langdoc: Defining} dialects, languages, and language families as collections of resources},
  Author                   = {Sebastian Nordhoff and Harald Hammarstr\"om},
  Booktitle                = {Proceedings of the First International Workshop on Linked Science 2011},
  Year                     = {2011},
  Series                   = {CEUR Workshop Proceedings},
  Volume                   = {783},

  Url                      = {http://iswc2011.semanticweb.org/fileadmin/iswc/Papers/Workshops/LISC/nordhoff.pdf}
}

@Article{NordhoffHammarström2014ldd,
  Title                    = {Archiving grammatical descriptions},
  Author                   = {Sebastian Nordhoff and Harald Hammarström},
  Journal                  = {Language Documentation and Description},
  Year                     = {2014},
  Pages                    = {164--186},
  Volume                   = {12}
}

@InProceedings{NordhoffKopecky2018,
  Title                    = {Full disclosure: Open Business Data and the Publisher's Cookbook},
  Author                   = {Sebastian Nordhoff and Felix Kopecky},
  Booktitle                = {Proceedings of ElPub 2018},
  Year                     = {2018},

  Owner                    = {snordhoff},
  Timestamp                = {2018.03.18}
}

@InProceedings{NordhoffPittrich2018,
  Title                    = {docLoop-OER: channeling reader feedback into Open Educational Resources},
  Author                   = {Sebasian Nordhoff and Andreas Pittrich},
  Booktitle                = {Proceedings of ElPub 2018},
  Year                     = {2018},

  Owner                    = {snordhoff},
  Timestamp                = {2018.03.18}
}

@InProceedings{NORDHOFF16.1171,
  Title                    = {The Alaskan Athabascan Grammar Database},
  Author                   = {Sebastian Nordhoff and Siri Tuttle and Olga Lovick},
  Booktitle                = {Proceedings of the Tenth International Conference on Language Resources and Evaluation (LREC 2016)},
  Year                     = {2016},

  Address                  = {Paris, France},
  Editor                   = {Nicoletta Calzolari (Conference Chair) and Khalid Choukri and Thierry Declerck and Sara Goggi and Marko Grobelnik and Bente Maegaard and Joseph Mariani and Helene Mazo and Asuncion Moreno and Jan Odijk and Stelios Piperidis},
  Month                    = {may},
  Publisher                = {European Language Resources Association (ELRA)},

  Date                     = {23-28},
  ISBN                     = {978-2-9517408-9-1},
  Language                 = {english},
  Location                 = {Portorož, Slovenia}
}

@InProceedings{SCHENNER16.653,
  Title                    = {Extracting Interlinear Glossed Text from LaTeX Documents},
  Author                   = {Mathias Schenner and Sebastian Nordhoff},
  Booktitle                = {Proceedings of the Tenth International Conference on Language Resources and Evaluation (LREC 2016)},
  Year                     = {2016},

  Address                  = {Paris, France},
  Editor                   = {Nicoletta Calzolari (Conference Chair) and Khalid Choukri and Thierry Declerck and Sara Goggi and Marko Grobelnik and Bente Maegaard and Joseph Mariani and Helene Mazo and Asuncion Moreno and Jan Odijk and Stelios Piperidis},
  Month                    = {may},
  Publisher                = {European Language Resources Association (ELRA)},

  Date                     = {23-28},
  ISBN                     = {978-2-9517408-9-1},
  Language                 = {english},
  Location                 = {Portorož, Slovenia}
}

% This file was created with JabRef 2.10.
% Encoding: ISO8859_1


@Unpublished{AnsaldoEtAl2006dobes,
  Title                    = {Variation and shift in Sri Lanka Malay},
  Author                   = {Umberto Ansaldo and Lisa Lim and Sebastian Nordhoff},
  Note                     = {Paper presented at the DobeS workshop, MPI Nijmegen},
  Year                     = {2006},

  Owner                    = {snordhoff},
  Timestamp                = {2012.06.05}
}

@Unpublished{AnsaldoEt2005icsls,
  Title                    = {Documentation and Description of Sri Lanka Malay},
  Author                   = {Umberto Ansaldo and Lisa Lim and Sebastian Nordhoff},
  Note                     = {Paper presented at 10th International Conference on Sri Lankan Studies - Kelaniya, Sri Lanka},
  Year                     = {2005},

  Owner                    = {snordhoff},
  Timestamp                = {2012.06.05}
}

@Unpublished{AnsaldoEtAl2006giessen,
  Title                    = {Complexity and the age of languages},
  Author                   = {Umberto Ansaldo and Sebastian Nordhoff},
  Note                     = {Paper presented at the 7th Creolistics Workshop -- University of Gie{\ss}en},
  Year                     = {2006},

  Owner                    = {snordhoff},
  Timestamp                = {2012.06.05}
}

@Unpublished{AnsaldoEtAl2006swl,
  Title                    = {The role of typological pressure in contact-induced restructuring},
  Author                   = {Umberto Ansaldo and Sebastian Nordhoff},
  Note                     = {Paper presented at Syntax of the World's Languages II, University of Lancaster, UK},
  Year                     = {2006},

  Owner                    = {snordhoff},
  Timestamp                = {2012.06.05}
}

@Unpublished{ApoussidouEtAl2008,
  Title                    = {Feet in Sri Lanka Malay -- no stress please},
  Author                   = {Diana Apoussidou and Sebastian Nordhoff},
  Note                     = {Paper presented at OCP 5, January 2008, Toulouse},
  Year                     = {2008},

  Lgcode                   = {[sci]},
  Owner                    = {snordhoff},
  Timestamp                = {2009.01.07}
}

@Unpublished{HammarstroemEtAl2011Howmany,
  Title                    = {How many languages have so far been described?},
  Author                   = {Hammarstr\"om, Harald and Nordhoff, Sebastian},
  Note                     = {Paper presented at NWO Endangered Languages Programme Conference, Leiden, April 2011},
  Year                     = {2011},

  Owner                    = {snordhoff},
  Timestamp                = {2011.10.20}
}

@Misc{Nordhoff2018potsdam,
  Title                    = {Language Science Press},

  Author                   = {Sebastian Nordhoff},
  HowPublished             = {Presentation given at the seminary ``Open Access and Open Data'' of the Fachhochschule Potsdam, 2018-01-10},
  Year                     = {2018},

  Owner                    = {snordhoff},
  Timestamp                = {2018.03.19},
  Url                      = {https://github.com/langsci/lsp-presentations/blob/master/2018potsdam/presentation.pdf}
}

@Misc{Nordhoff2018zbiw,
  Title                    = {Übergang vom Community-Projekt zum tragfähigen Geschäftsmodell},

  Author                   = {Sebastian Nordhoff},
  HowPublished             = {Presentation given at ``Erfahrungsaustausch für die Fachreferate der Geisteswissenschaften'', ZBIW, Bergisch Gladbach, 2018-01-26},
  Year                     = {2018},

  Owner                    = {snordhoff},
  Timestamp                = {2018.03.19},
  Url                      = {https://github.com/langsci/lsp-presentations/blob/master/2018dhd/presentation.pdf}
}

@Misc{Nordhoff2017doktorandentag,
  Title                    = {Veröffentlichung als Open Access},

  Author                   = {Sebastian Nordhoff},
  HowPublished             = {Presentation given at Humboldt University Doktorandentag, 2017-10-09},
  Year                     = {2017},

  Owner                    = {snordhoff},
  Timestamp                = {2018.03.19},
  Url                      = {https://github.com/langsci/lsp-presentations/blob/master/2017doktorandentag/presentation.pdf}
}

@Misc{Nordhoff2017fid,
  Title                    = {Community-based publishing},

  Author                   = {Sebastian Nordhoff},
  HowPublished             = {Presentation given at the Workshop Open Access of the FID Afrikastudien, 2017-11-03},
  Year                     = {2017},

  Owner                    = {snordhoff},
  Timestamp                = {2018.03.19},
  Url                      = {https://github.com/langsci/lsp-presentations/blob/master/FIDAfrikanistik2017/presentation.pdf}
}

@Misc{Nordhoff2017meacom,
  Title                    = {Collaboration and Mobilization},

  Author                   = {Sebastian Nordhoff},
  HowPublished             = {Paper presented at the workshop ``Metadata Editing and Collection Management (MEaCoM) --  Tools for Linguistic Data'', Alacena, 2017-10-23},
  Year                     = {2017},

  Owner                    = {snordhoff},
  Timestamp                = {2018.03.19},
  Url                      = {https://github.com/langsci/lsp-presentations/blob/master/Meacom/presentation.pdf}
}

@Misc{Nordhoff2017oatbooks,
  Title                    = {Community-basierte Verlagsformen},

  Author                   = {Sebastian Nordhoff},
  HowPublished             = {Paper presented at Open-Access-Tage 2017, Dresden, 2017-09-11},
  Year                     = {2017},

  Owner                    = {snordhoff},
  Timestamp                = {2018.03.19},
  Url                      = {https://github.com/langsci/lsp-presentations/blob/master/oat2017books/presentation.pdf}
}

@Misc{Nordhoff2017openauthoring,
  Title                    = {Aufbau eines Zyklus für Offenes Publizieren},

  Author                   = {Sebastian Nordhoff},
  HowPublished             = {Paper presented at Open-Access-Tage 2017 in Dresden, 2017-09-13},
  Year                     = {2017},

  Owner                    = {snordhoff},
  Timestamp                = {2018.03.19},
  Url                      = {https://github.com/langsci/lsp-presentations/blob/master/oat2017authoring/presentation.pdf}
}

@Misc{Nordhoff2015cdv,
  Title                    = {Language Science Press + Cross Linguistic Linked Data},

  Author                   = {Sebastian Nordhoff},
  HowPublished             = {Presentation at ``Coding da Vinci'', 2015-04-21},
  Year                     = {2015},

  Owner                    = {snordhoff},
  Timestamp                = {2018.03.19},
  Url                      = {https://github.com/langsci/lsp-presentations/blob/master/cdv/LangSci-CdV.pdf}
}

@Misc{Nordhoff2015oan,
  Title                    = {Open Monograph Press},

  Author                   = {Sebastian Nordhoff},
  HowPublished             = {Paper presented at Open-Access-Netzwerk Berlin, 2015-01-24},
  Year                     = {2015},

  Owner                    = {snordhoff},
  Timestamp                = {2018.03.19},
  Url                      = {https://github.com/langsci/lsp-presentations/blob/master/2015oan/beamertest.pdf}
}

@Misc{Nordhoff2014dgfs,
  Title                    = {Comparing comparative concepts},

  Author                   = {Sebastian Nordhoff},
  HowPublished             = {Paper presented at DGfS 2014},
  Year                     = {2014},

  Owner                    = {snordhoff},
  Timestamp                = {2018.03.18}
}

@Misc{Nordhoff2014hiig,
  Title                    = {Language Science Press},

  Author                   = {Sebastian Nordhoff},
  HowPublished             = {Paper presented at ``Generation Open'' at Humboldt Institut für Internet und Gesellschaft, Berlin, 2014-10-20.},
  Year                     = {2014},

  Owner                    = {snordhoff},
  Timestamp                = {2018.03.19},
  Url                      = {https://github.com/langsci/lsp-presentations/blob/master/2014/HIIG2014/lspHIIG.pdf}
}

@Misc{Nordhoff2014mpiwg,
  Title                    = {Language Science Press},

  Author                   = {Sebastian Nordhoff},
  HowPublished             = {Paper presented at the workshop ``Annotieren--Publizieren' at the  MPI for the History of Science ,  2014-11-20.},
  Year                     = {2014},

  Owner                    = {snordhoff},
  Timestamp                = {2018.03.19},
  Url                      = {https://github.com/langsci/lsp-presentations/blob/master/2014/mpiwg/nordhoffmpiwg.pdf}
}

@Unpublished{Nordhoff2013cswals,
  Title                    = {Crowdsourcing WALS},
  Author                   = {Sebastian Nordhoff},
  Note                     = {Paper presented at the workshop ``Linked Data in Linguistic Typology" at ALT 10, Leipzig, Germany},

  Month                    = {August},
  Year                     = {2013},

  Owner                    = {snordhoff},
  Timestamp                = {2013.08.29}
}

@Unpublished{Nordhoff2012ismil,
  Title                    = {Phonological cover-up: undoing sound changes in Sri Lanka Malay},
  Author                   = {Sebastian Nordhoff},
  Note                     = {Paper presented at ISMIL XVI, Kelaniya, Sri Lanka, June},
  Year                     = {2012},

  Owner                    = {snordhoff},
  Timestamp                = {2012.06.05}
}

@Unpublished{Nordhoff2011coslam,
  Title                    = {Becoming a written language},
  Author                   = {Nordhoff, Sebastian},
  Note                     = {Paper presented at the WASLAM/COSLAM seminar, Colombo, Sri Lanka, May},
  Year                     = {2011},

  Owner                    = {snordhoff},
  Timestamp                = {2012.06.05}
}

@Unpublished{Nordhoff2011rcic,
  Title                    = {Dialect levelling, substrate reinforcement, and metatypy in the history of Sri Lanka Malay.},
  Author                   = {Sebastian Nordhoff},
  Note                     = {Paper presented at the workshop Rethinking Contact-Induced Change, Leiden, June},
  Year                     = {2011},

  Owner                    = {snordhoff},
  Timestamp                = {2012.06.05}
}

@Unpublished{Nordhoff2011valency,
  Title                    = {Valency in Sri Lanka Malay},
  Author                   = {Sebastian Nordhoff},
  Note                     = {Paper presented at the Conference on Valency Classes MPI-EVA, April},
  Year                     = {2011},

  Owner                    = {snordhoff},
  Timestamp                = {2012.06.05}
}

@Unpublished{Nordhoff2010ismil,
  Title                    = {Sinhala influence in Sri Lanka Malay},
  Author                   = {Nordhoff, Sebastian},
  Note                     = {14th International Symposium on Malay/Indonesian Linguistics, University of Minneapolis, May},

  Month                    = {May},
  Year                     = {2010},

  HowPublished             = {Paper presented at ISMIL XIV, University of Minnesota},
  Lgcode                   = {[sci] [sin] [tam]},
  Owner                    = {snordhoff},
  Timestamp                = {2010.10.13}
}

@Unpublished{Nordhoff2010sampling,
  Title                    = {Controlling for genetic bias and controlling for genesis bias in typological samples},
  Author                   = {Sebastian Nordhoff},
  Note                     = {Paper presented at the second APiCS Workshop, MPI-EVA, November},
  Year                     = {2010},

  Owner                    = {snordhoff},
  Timestamp                = {2012.06.05}
}

@Unpublished{Nordhoff2010slm,
  Title                    = {The genesis of Sri Lanka Malay as a multi-layered process},
  Author                   = {Sebastian Nordhoff},
  Note                     = {Paper presented at Past, Present and Future of Sri Lanka Malay, MPI Leipzig, November},
  Year                     = {2010},

  Owner                    = {snordhoff},
  Timestamp                = {2012.06.05}
}

@Unpublished{Nordhoff2010valency,
  Title                    = {No Valency Classes in Sri Lanka Malay},
  Author                   = {Nordhoff, Sebastian},
  Note                     = {Paper presented at the workshop on valency classes, Max Planck Institute for Evolutionary Anthropology, Leipzig, August 2010.},
  Year                     = {2010},

  Lgcode                   = {[sci]},
  Owner                    = {snordhoff},
  Timestamp                = {2011.03.24}
}

@Unpublished{Nordhoff2009glottolog,
  Title                    = {The Glottolog language catalog},
  Author                   = {Sebastian Nordhoff},
  Note                     = {Paper presented at the Language Catalogue Workshop, MPI Leipzig},
  Year                     = {2009},

  Owner                    = {snordhoff},
  Timestamp                = {2012.06.05}
}

@Unpublished{Nordhoff2009lcitic,
  Title                    = {The Sri Lankan linguistic ecology},
  Author                   = {Sebastian Nordhoff},
  Note                     = {Paper presented at Language Contact in the Indian Ocean. University of Amsterdam, November},
  Year                     = {2009},

  Owner                    = {snordhoff},
  Timestamp                = {2012.06.05}
}

@Unpublished{Nordhoff2009soas,
  Title                    = {Multi-Verb-Constructions in Sri Lanka Mala},
  Author                   = {Sebastian Nordhoff},
  Note                     = {Paper presented at 4th Conference on Austronesian Languages \& Linguistics. SOAS, London, June},
  Year                     = {2009},

  Owner                    = {snordhoff},
  Timestamp                = {2012.06.05}
}

@Unpublished{Nordhoff2009utrecht,
  Title                    = {The grammatical description as a mediator between text and typologist},
  Author                   = {Sebastian Nordhoff},
  Note                     = {Paper presented at Workshop on Small Tools for Cross-Linguistic Research. University of Utrecht, July},
  Year                     = {2009},

  Owner                    = {snordhoff},
  Timestamp                = {2012.06.05}
}

@Unpublished{Nordhoff2008ismil,
  Title                    = {Uncommon two orders of ADJ, NUM and N in Sri Lanka Malay},
  Author                   = {Sebastian Nordhoff},
  Note                     = {Paper presented at ISMIL 12, Leiden, June},
  Year                     = {2008},

  Owner                    = {snordhoff},
  Timestamp                = {2012.06.05}
}

@Unpublished{Nordhoff2008soas,
  Title                    = {Growing a Grammar with Galoe},
  Author                   = {Sebastian Nordhoff},
  Note                     = {Paper presented in the SOAS seminar series},
  Year                     = {2008},

  Owner                    = {snordhoff},
  Timestamp                = {2012.06.05}
}

@Unpublished{Nordhoff2007alt,
  Title                    = {Grammar writing in the Electronic Age},
  Author                   = {Sebastian Nordhoff},
  Note                     = {Paper presented at the ALT VII conference in Paris},
  Year                     = {2007},

  Owner                    = {snordhoff},
  Timestamp                = {2009.05.15}
}

@Unpublished{Nordhoff2007dobes,
  Title                    = {Growing a grammar with GALOES},
  Author                   = {Sebastian Nordhoff},
  Note                     = {Paper presented at the Dobes workshop at the MPI Nijmegen},
  Year                     = {2007},

  Owner                    = {snordhoff},
  Timestamp                = {2009.05.15}
}

@Unpublished{Nordhoff2007mpi,
  Title                    = {The grammar authoring system GALOES},
  Author                   = {Sebastian Nordhoff},
  Note                     = {Paper presented at the workshop ``Wikifying research'' at the MPI Leipzig},
  Year                     = {2007},

  Owner                    = {snordhoff},
  Timestamp                = {2009.05.15}
}

@Unpublished{Nordhoff2007slmpos,
  Title                    = {Jack-of-all-trades: The Sri Lankan Malay property word},
  Author                   = {Sebastian Nordhoff},
  Note                     = {Paper presented at the Workshop on flexible languages, Amsterdam},

  Month                    = {April},
  Year                     = {2007},

  Lgcode                   = {[sci]},
  Owner                    = {snordhoff},
  Timestamp                = {2007.08.08}
}

@Unpublished{Nordhoff2007spcl,
  Title                    = {Vowel quantity in Sri Lanka Malay},
  Author                   = {Sebastian Nordhoff},
  Note                     = {paper presented at the Joint Summer Meeting of the SPCL and the ACBLPE 2007},
  Year                     = {2007},

  Lgcode                   = {[sci]},
  Owner                    = {snordhoff},
  Timestamp                = {2007.08.08}
}

@Unpublished{Nordhoff2006lcg,
  Title                    = {Sri Lanka Malay as a window on the creation of new languages},
  Author                   = {Sebastian Nordhoff},
  Note                     = {Paper presented at the Language Creation Group, University of Amsterdam},
  Year                     = {2006},

  Owner                    = {snordhoff},
  Timestamp                = {2012.06.05}
}

@Unpublished{Nordhoff2006nap,
  Title                    = {Grammar writing in the Electronic Age},
  Author                   = {Sebastian Nordhoff},
  Note                     = {Paper presented at NAP-dag, University of Amsterdam},
  Year                     = {2006},

  Owner                    = {snordhoff},
  Timestamp                = {2012.06.05}
}

@Unpublished{Nordhoff2006rara,
  Title                    = {Subtractive plural marking in Sinhala},
  Author                   = {Sebastian Nordhoff},
  Note                     = {Paper presented at Rara and Rarissima, MPI-EVA, Leipzig},
  Year                     = {2006},

  Owner                    = {snordhoff},
  Timestamp                = {2012.06.05}
}

@Unpublished{Nordhoff2004ru,
  Title                    = {Voice in Guarani},
  Author                   = {Sebastian Nordhoff},
  Note                     = {Paper presented at Americanists' Colloquium - RU Nijmegen},
  Year                     = {2004},

  Owner                    = {snordhoff},
  Timestamp                = {2012.06.05}
}

@Unpublished{Nordhoff2004swk,
  Title                    = {Stative Verben und Possession im Guarani},
  Author                   = {Sebastian Nordhoff},
  Note                     = {Paper presented at Sprachwissenschaftliche Werkstatt, Universit\"at zu K\"oln},
  Year                     = {2004},

  Owner                    = {snordhoff},
  Timestamp                = {2012.06.05}
}

@Unpublished{Nordhoff2004swl,
  Title                    = {Stative Verbs and Possession in Guarani},
  Author                   = {Sebastian Nordhoff},
  Note                     = {Paper presented at Syntax of the World's Languages, MPI-EVA, Leipzig, August},
  Year                     = {2004},

  Owner                    = {snordhoff},
  Timestamp                = {2012.06.05}
}

@Unpublished{NordhoffEtAl2009dgfs,
  Title                    = {Anchoring intonation in a language without word stress.},
  Author                   = {Sebastian Nordhoff and Diana Apoussidou},
  Note                     = {Paper presented at the workshop Prosodic Typology: State of the Art and Future Prospects at the DGfS},
  Year                     = {2009},

  Owner                    = {snordhoff},
  Timestamp                = {2012.06.05}
}

@Unpublished{NordhoffEtAl2012dhpaper,
  Title                    = {Cataloguing linguistic diversity: Glottolog/Langdoc},
  Author                   = {Sebastian Nordhoff and Harald Hammarstr\"om},
  Note                     = {paper presented at ``Digital Humanities 2012'', Hamburg, July.},
  Year                     = {2012},

  Owner                    = {snordhoff},
  Timestamp                = {2012.06.05}
}

@Unpublished{NordhoffEtAl2011alt,
  Title                    = {Countering bibliographical bias with LangDoc, a bibliographical database for lesser known languages},
  Author                   = {Sebastian Nordhoff and Hammarstr\"om, Harald},
  Note                     = {Paper presented at ALT IX, Hong Kong, July},
  Year                     = {2011},

  Owner                    = {snordhoff},
  Timestamp                = {2012.06.05}
}

@Unpublished{NordhoffEtAl2011howmany,
  Title                    = {How Many Languages Have so far been Described?},
  Author                   = {Sebastian Nordhoff and Harald Hammarstr\"om},
  Note                     = {Paper presented at NWO Endangered Languages Programme Conference, Leiden, April},
  Year                     = {2011},

  Owner                    = {snordhoff},
  Timestamp                = {2012.06.05}
}

@Unpublished{NordhoffEtAl2011ISWCpaper,
  Title                    = {Glottolog/Langdoc: Defining Dialects, Languages, and Language Families as Collections of Resources},
  Author                   = {Nordhoff, Sebastian and Harald Hammarstr\"om},
  Note                     = {Paper presented at the First International Workshop on Linked Science 2011 In conjunction with the International Semantic Web Conference (ISWC2011), Bonn, October},
  Year                     = {2011},

  Owner                    = {snordhoff},
  Timestamp                = {2012.06.05}
}

@Misc{NordhoffSiller2015,
  Title                    = {Auf der Suche nach dem `Kunden': Globaler Nutzen \& lokale Kosten},

  Author                   = {SSebastian Nordhoff and Debora Siller},
  HowPublished             = {Paper presented at Open-Access-Tage Zürich, 2015-09-07},
  Year                     = {2015},

  Owner                    = {snordhoff},
  Timestamp                = {2018.03.19},
  Url                      = {https://github.com/langsci/lsp-presentations/blob/master/oat2015/presentation.pdf}
}

@Misc{NordhoffSiller2014oat,
  Title                    = {Open-Access-Monographien in der Linguistik},

  Author                   = {Sebastian Nordhoff and Debora Siller},
  HowPublished             = {Paper presented at Open-Access-Tage 2014, Cologne, 2014-08-09.},
  Year                     = {2014},

  Owner                    = {snordhoff},
  Timestamp                = {2018.03.19},
  Url                      = {https://github.com/langsci/lsp-presentations/blob/master/2014/OATage2014/beamertest.pdf}
}

@Unpublished{NordhoffEtAl2007alt,
  Title                    = {Independent development in a mixed language},
  Author                   = {Nordhoff, Sebastian and Slomanson, Peter},
  Note                     = {Paper presented at the conference Variation and change in contact settings, Universit\'e de Paris},
  Year                     = {2007},

  Lgcode                   = {[sci] [sin] [tam]},
  Owner                    = {snordhoff},
  Timestamp                = {2010.11.09}
}

@Unpublished{SeifartEtAl2010dobes,
  Title                    = {Cross-linguistic variation in the noun-to-verb ratio: Exploring automatic tagging and quantitative corpus analysis},
  Author                   = {Seifart, Frank and Roland Meyer and Taras Zakharko and Balthasar Bickel and Swintha Danielsen and Sebastian Nordhoff and Alena Witzlack-Makarevich},
  Note                     = {Paper presented at the DobeS Workshop ``Advances in Documentary Linguistics'' Nijmegen, 14-15 October},
  Year                     = {2010},

  Owner                    = {snordhoff},
  Timestamp                = {2012.06.05}
}

@comment{jabref-meta: selector_keywords:}

@comment{jabref-meta: selector_journal:}

@comment{jabref-meta: selector_publisher:}

@comment{jabref-meta: selector_author:}

