@book{Jiscreport,
title ={Changing publishing ecologies: {A} landscape study of new university presses and academic-led publishing},
author = {Janneke Adema and Graham Stone},
year={2017},
url={http://repository.jisc.ac.uk/6666/1/Changing-publishing-ecologies-report.pdf}
}

@book{eureport,
title={Towards a Competitive and Sustainable {OA} Market in {Europe} â€“ {A} Study of the Open Access Market and Policy Environment},
author={Rob Johnson and Maria Fosci and Andrea Chiarelli and Stephen Pinfield and Michael Jubb},
publisher ={Research Consulting},
year={2017},
url={https://blogs.openaire.eu/wp-content/uploads/2017/03/OA-market-report-28Final-13-March-201729-1.pdf}
}

@book{eelco,
title ={A landscape study on open access and monographs: {P}olicies, funding and publishing in eight {European} countries},
publisher = {Knowledge Exchange},
author = {Eelco Ferwerda and Frances Pinter and Niels Stern},
doi ={https://doi.org/10.5281/zenodo.815932},
year={2017}
}

@article{Heller1998,
 ISSN = {0017811X},
 doi = {10.2307/1342203 },
 author = {Michael A. Heller},
 journal = {Harvard Law Review},
 number = {3},
 pages = {621--688},
 publisher = {The Harvard Law Review Association},
 title = {The Tragedy of the Anticommons: {{P}}roperty in the Transition from {Marx} to Markets},
 volume = {111},
 year = {1998}
}

