@article{BishopKOPTV11a,
  author = {Bishop, Barry and Kiryakov, Atanas and Ognyanov, Damyan and Peikov, Ivan and Tashev, Zdravko and Velkov, Ruslan},
  interhash = {884378f2a8c9be95b0bcf9b7cb5756ab},
  intrahash = {b96f45878faf99f8493a1095b9dd4fb1},
  journal = {Semantic Web},
  number = 2,
  pages = {157-166},
  title = {FactForge: A fast track to the Web of data.},
  url = {http://dblp.uni-trier.de/db/journals/semweb/semweb2.html#BishopKOPTV11a},
  volume = 2,
  year = 2011,
  timestamp = {2011-09-14T00:00:00.000+0200},
  keywords = {dblp},
  ee = {http://dx.doi.org/10.3233/SW-2011-0040},
  added-at = {2011-09-14T00:00:00.000+0200},
  biburl = {http://www.bibsonomy.org/bibtex/2b96f45878faf99f8493a1095b9dd4fb1/dblp}
}




@article{HammarstroemEtAl2011oslo,
    journal="Oslo Studies in Language", volume="3", number="2", year="2011",
    title="LangDoc: Bibliographic Infrastructure for Linguistic Typology",
    author={Hammarstr\"om, Harald and Nordhoff, Sebastian},
    editor="J. B. Johannessen",
    note="Language Variation Infrastructure",
    pages="31-43",
    url = {https://www.journals.uio.no/index.php/osla/article/view/75/199}
}

@inproceedings{ling:GoodHendryx:Categorization,
    author = {Good, Jeff and Calvin Hendryx-Parker},
    title = {Modeling Contested Categorization in Linguistic Databases},
    year = {2006},
    booktitle = {Proceedings of the EMELD Workshop on Digital Language Documentation},
    address="East Lansing, Michigan"
}

@ARTICLE{ASJP2008,
  author = {Brown, Cecil H. and Eric W. Holman and S�ren Wichmann and Viveka
	Velupillai.},
  year = {2008},
  title = {Automated classification of the world's languages: A description
	of the method and preliminary results},
  journal = {STUF � Language Typology and Universals},
  volume = {61},
  number = {4},
  pages = {286-308},
  owner = {snordhoff},
  timestamp = {2011.10.12}
}

@INPROCEEDINGS{NordhoffEtAl2011iswc,
  author = {Sebastian Nordhoff and Harald Hammarstr\"om},
  title = {{Glottolog/Langdoc: Defining} dialects, languages, and language families
	as  collections of resources},
  booktitle = {Proceedings of ISWC 2011},
  year = {2011},
  owner = {snordhoff},
  timestamp = {2011.10.12},
  url = {http://iswc2011.semanticweb.org/fileadmin/iswc/Papers/Workshops/LISC/nordhoff.pdf}
}


@inproceedings{Abeille00buildinga,
    diacriticsauthor = {Anne Abeill\'{e} and Lionel Cl\'{e}ment and Alexandra Kinyon},
    author={Anne Abeille and Lionel Clement and Alexandra Kinyon},
    title = {Building a treebank for {French}},
    booktitle = {In Proc.  LREC 2000},
    year = {2000},
    annote="the French Treebank, Abeill� and Barrier, 2004: Anne Abeill� and Nicolas Barrier. 2004. Enriching a
french treebank. In Proc. of LREC�04, Lisbon, Portugal.",
    url="cf. http://www.llf.cnrs.fr/Gens/Abeille/French-Treebank-fr.php"
}

@inproceedings{trissl2007fast,
  title={Fast and practical indexing and querying of very large graphs},
  author={Tri{\ss}l, S. and Leser, U.},
  booktitle={Proc.  2007 ACM SIGMOD international conference on Management of data},
  pages={845--856},
  year={2007},
  organization={ACM}
}


@InProceedings {trissl07,
	author = {Silke Tri {\ss}l and Florian Zipser and Ulf Leser},
	title = {Applying {GRIPP} to {XML} Documents containing {XInclude} and {XLink} Elements},
	booktitle = {Proc.  XML Tage},
	year = {2007},
	address = {Berlin, Germany},
}

@InProceedings{trissl07,
  author = 	 {Silke Tri{\ss}l and Florian Zipser and Ulf Leser},
  title = 	 {Applying {GRIPP} to {XML} Documents containing {XInclude} and {XLink} Elements},
  booktitle = 	 {Proc.  XML Tage},
  OPTcrossref =  {},
  OPTkey = 	 {},
  OPTpages = 	 {},
  year = 	 {2007},
  OPTeditor = 	 {},
  OPTvolume = 	 {},
  OPTnumber = 	 {},
  OPTseries = 	 {},
  address = 	 {Berlin},
  OPTmonth = 	 {},
  OPTorganization = {},
  OPTpublisher = {},
  OPTnote = 	 {},
  OPTannote = 	 {}
}




@misc{bizer_2011_dataintegration,
  title={Evolving the Web into a Global Data Space},
  note="Keynote at 28th British National Conference on Databases (BNCOD2011)",
  author={Chris Bizer},
  howpublished="\url{http://www.wiwiss.fu-berlin.de/en/institute/pwo/bizer/research/publications/Bizer-GlobalDataSpace-Talk-BNCOD2011.pdf}",
  year={2011}
}

@misc{bernersLee2006_linkeddata,
    author="Timm Berners-Lee",
    year="2006",
    title="Design Issues: Linked Data",
    howpublished="\url{http://www.w3.org/DesignIssues/LinkedData.html}"
}



@misc{leech1996eagles,
  title = {{EAGLES} Recommendations for the Morphosyntactic Annotation of Corpora},
  author={Leech, G. and Wilson, A.},
  howpublished="\url{http://www.ilc.cnr.it/EAGLES/annotate/annotate.html}",
  url= {http://www.ilc.cnr.it/EAGLES/annotate/annotate.html},
  year={1996}
}


@conference{erjavec2004multext,
  title={{MULTEXT-East version 3: Multilingual morphosyntactic specifications, lexicons and corpora}},
  author={Erjavec, T.},
  booktitle={Fourth International Con\-fe\-rence on Language Resources and Eva\-lu\-ation, (LREC 2004)},
    address="Lisboa, Portugal",
  month="May",
  pages={1535--1538},
  year={2004},
}


@InProceedings{chiarcos-erjavec:2011:LAW,
  fullauthor    = {Chiarcos, Christian  and  Erjavec, Tomaz},
  author="Chiarcos, C. and Erjavec, T.",
  title     = {{OWL/DL formalization of the MULTEXT-East morphosyntactic specifications}},
  booktitle = {5th Linguistic Annotation Workshop},
  nomonth     = {June},
  year      = {2011},
  fulladdress   = {Portland, Oregon, USA},
  address="Portland",
  nopublisher = {Association for Computational Linguistics},
  pages     = {11--20},
  nourl       = {http://www.aclweb.org/anthology/W11-0402}
}



@article{chiarcos2008flexible,
	author = {Christian Chiarcos and Stefanie Dipper and Michael G\"otze and Ulf Leser and Anke L\"udeling and Julia Ritz and Manfred Stede},
	title = { {A Flexible Framework for Integrating Annotations from Different Tools and Tagsets}},
	journal = {TAL (Traitement automatique des langues)},
	year = "2008",
	volume = 49,
	number = 2
	}

@inproceedings{chiarcos2010-lrec,
    fullauthor="Christian Chiarcos",
    author="Chiarcos, C.",
    year="2010",
    title="Grounding an Ontology of Linguistic Annotations in the {Data Category Registry}",
    fullbooktitle="Proc.  LREC 2010 Workshop Language Resource and Language Technology Standards (LT\&LTS). State of the Art, Emerging Needs, and Future Developments",
    booktitle="LREC 2010 Workshop on Language Resource and Language Technology Standards (LT\&LTS)",
    address="Valetta, Malta",
    month="May",
    pages="37-40"
}



@conference{tzoukermann1997effective,
  title={{Effective Use of Natural Language Processing Techniques for Automatic Conflation of Multi-Word Terms: The Role of Derivational Mor\-pho\-lo\-gy, Part of Speech Tagging, and Shallow Parsing}},
  author={Tzoukermann, E. and Klavans, J.L. and Jacquemin, C.},
  booktitle={20th Annual International ACM SIGIR Con\-fe\-rence on Research and Development in Information Retrieval (SIGIR)},
  pages={148-155},
  address = {Philadelphia, Pennsylvania; USA},
  month = {July 27--31},
  year={1997},
  myorganization={Association for Computing Machinery},
  myurl=" http://reference.kfupm.edu.sa/content/e/f/effective_use_of_natural_language_proces_223118.pdf",
  annote="beschreiben integration von POS und morphologie"
}

@article{wilks1998grammar,
  title={{The grammar of sense: Using part-of-speech tags as a first step in semantic disambiguation}},
  author={Wilks, Y. and Stevenson, M.},
  journal={Natural Language Engineering},
  volume={4},
  number={2},
  pages={135--143},
  year={1998},
  mypublisher={Cambridge University Press},
  annote="anschauen, beschreibt evtl. pipeline-konzept"
}

@conference{gietz6textgrid,
  title={{TextGrid and eHumanities}},
  author={Gietz, P. and Aschenbrenner, A. and Budenbender, S. and Jannidis, F. and Küster, M.W. and Ludwig, C. and Pempe, W. and Vitt, T. and Wegstein, W. and Zielinski, A.},
  fullauthor="Peter Gietz, Andreas Aschenbrenner, Stefan Büdenbender, Fotis Jannidis, Marc Wilhelm Küster, Christoph Ludwig, Wolfgang Pempe, Thorsten Vitt, Werner Wegstein, Andrea Zielinski",
  booktitle={Pro\-cee\-dings of the Second IEEE International Con\-fe\-rence on e-Science and Grid Computing (E-SCIENCE '06)},
  pages={133--141},
  year={2006},
  address="Amsterdam, The Netherlands",
  month="December",
  myorganization={IEEE Computer Society}
}

@inproceedings{aschenbrenner-textgrid,
  title={{TextGrid. A modular platform for collaborative textual editing}},
  author={Aschenbrenner, A. and Gietz, P. and K{ü}ster, M.W. and Ludwig, C. and Neuroth, H.},
    fullauthor="Andreas Aschenbrenner, Peter Gietz, Marc Wilhelm Küster, Christoph Ludwig and Heike Neuroth",
  booktitle={Pro\-cee\-dings of the International Workshop on Digital Lib\-ra\-ry
Goes e-Science (DLSci06)},
  year="2006",
  fullmonth="September 21, 2006",
  month="September",
  address="Alicante, Spain",
  pages="27--36",
  mypublisher={Citeseer}
}

@InProceedings{crysmann2001integrated,
  author={Crysmann, B. and Frank, A. and Kiefer, B. and M{ü}ller, S. and Neumann, G. and Piskorski, J. and Schäfer, U. and Siegel, M. and Uszkoreit, H. and Xu, F. and Becker, M. and Krieger, H. },
  fullauthor    = {Berthold Crysmann  and  Anette Frank  and  Kiefer Bernd  and  Stefan Mueller  and  Guenter Neumann  and  Jakub Piskorski  and  Ulrich Schaefer  and  Melanie Siegel  and  Hans Uszkoreit  and  Feiyu Xu  and  Markus Becker  and  Hans-Ulrich Krieger},
  title={{An integrated architecture for shallow and deep pro\-ces\-sing}},
    booktitle = {Pro\-cee\-dings of 40th Annual Meeting of the Association for Computational Linguistics},
  month     = {July},
  year      = {2002},
  address   = {Philadelphia, Pennsylvania, USA},
  mypublisher = {Association for Computational Linguistics},
  pages     = {441--448},
  myurl       = {http://www.aclweb.org/anthology/P02-1056},
  mydoi       = {10.3115/1073083.1073157}
}

@conference{bikel2002design,
  title={{Design of a multi-lingual, pa\-ral\-lel-pro\-ces\-sing statistical parsing engine}},
  author={Bikel, D.M.},
  booktitle={Pro\-cee\-dings of the second international conference on Human Language Technology Research (HLT 2002)},
  mypages={178--182 (citeseer hat andere angaben)},
  year={2002},
  myorganization={Morgan Kaufmann Publishers Inc.},
  myaddress="San Francisco, CA, USA evtl. der publisher"
}

@conference{mcmillian2008distributed,
  title={{Distributed listening: a pa\-ral\-lel pro\-ces\-sing approach to automatic speech recognition}},
  author={McMillian, Y. and Gilbert, J.E.},
  booktitle={Pro\-cee\-dings of the 46th Annual Meeting of the Association for Computational Linguistics on Human Language Technologies},
  pages={173--176},
  year={2008},
  myorganization={Association for Computational Linguistics}
}


@conference{luis2009high,
  title={{High-performance high-volume layered corpora annotation}},
  author={Luís, T. and de Matos, D.M.},
  booktitle={Pro\-cee\-dings of the Third Linguistic Annotation Workshop (LAW-III) held in conjunction with ACL-IJCNLP 2009},
  pages={99--107},
  month="August",
  address="Singapore",
  year={2009},
  myorganization={Association for Computational Linguistics}
}


@conference{egner7uima,
  title={{UIMA Grid: Distributed large-scale text a\-na\-ly\-sis}},
  author={Egner, M.T. and Lorch, M. and Biddle, E.},
  booktitle={Pro\-cee\-dings of the Seventh IEEE International Symposium on Cluster Computing and the Grid (CCGRID'07)},
  address="Rio de Janeiro, Brazil",
  month="May",
  pages={317--326},
  year="2007"
}


@article{carl2000towards,
  title={{Towards a dynamic linkage of example-based and rule-based machine translation}},
  author={Carl, M. and Pease, C. and Iomdin, L.L. and Streiter, O.},
  journal={Machine Translation},
  volume={15},
  number={3},
  pages={223--257},
  year={2000},
  mypublisher={Springer}
}


@incollection{streiter2000learning,
  title={{Learning, forgetting and remembering: Statistical support for rule-based MT}},
  author={Streiter, O. and Iomdin, L.L. and Hong, M. and Hauck, U.},
  fullauthor="Streiter, Oliver, L. L. Iomdin, Munpyo Hong \& Ute Hauck",
  booktitle={Pro\-cee\-dings of 8th International Con\-fe\-rence on Theoretical and Methodological Issues in Machine Translation (TMI 1999)},
  month="August", year="1999", address="Chester, UK",
  year={2000}}

@conference{atwell1994amalgam,
  title={{AMALGAM: Automatic Mapping Among Lexico-Grammatical Annotation Mo\-dels}},
  author={Atwell, E. and Hughes, J. and Souter, C.},
  fullauthor="Atwell, Eric and John Hughes
and Clive Souter",
  booktitle={Pro\-cee\-dings of the Workshop on The Balancing Act: Combining Symbolic and Statistical Approaches to Language, help in conjunction with the 32nd Annual Meeting of the ACL},
  month="July",
  address="Las Cruces, New Mexico, USA",
  pages="21--28",
  year={1994}
}


@incollection{kotsyba2008principles,
  title={{Principles of organising a common morphological tagset for PolUKR (Polish-Ukrainian pa\-ral\-lel Corpus)}},
  author={Kotsyba, N. and Shypnivska, O. and Turska, M.},
  editor="K{\l}opotek, M. A., Przepiórkowski, A., Wierzcho\'n, S. T., and Trojanowski, K.",
booktitle="Intelligent Information Systems", publisher="Akademicka Oficyna
Wydawnicza EXIT", address="Warsaw",
  pages={475--484},
  year={2008}
}

@incollection{dimitrovaa-comparing,
  title={{Comparing Bulgarian and Slovak Multext-East morphology tagset}},
  author={Dimitrova, L. and Garabík, R. and Majchráková, D.},
  booktitle={Organization and Development of Digital Lexical Resources},
  pages={38--46},
  year="2009",
address="Kyiv", publisher="Dovira Publishing House" }


@misc{rosen-morphological,
  title={{Morphological Tags in pa\-ral\-lel Corpora}},
  author={Rosen, A.},
howpublished="unpublished ms.",
url="http://utkl.ff.cuni.cz/~rosen/public/unitags_pap.pdf",
year="2010",
}

@conference{zeman2008reusable,
  title={{Reusable Tagset Conversion Using Tagset Drivers}},
  author={Zeman, D.},
  booktitle={Pro\-cee\-dings of the 6th International Con\-fe\-rence on Language Resources and Eva\-lu\-ation (LREC 2008)},
  address="Marrakech, Morocco",
  month="May",
  mypages={2--9517408},
  year={2008},
  annote="wenn das hier zitiert wird, dann immer auch auf teufel95 hinweisen, denn das ist ätzend unoriginell"
}

@conference{teufel1995,
  title={{A support tool for tagset mapping}},
  author={Teufel, S.},
  booktitle={Proc. of of the Workshop SIGDAT (EACL95)},
  year={1995}
}



@inproceedings{baskaran-etal08-indiantagset, author="Baskaran, S. and
Bali,K. and Bhattachrya, T. and Bhattachrya, P. and Jha, G. N. and Rajendran,
S. and Saravanan, K. and Sobha, L. and Subbarao,  K. V.", year="2008", Title =
{Designing a Common POS-Tagset Framework for Indian Languages}, Booktitle
= {6th Workshop on Asian Language Resources}, pages = {89-92}, address =
{Hyderabad, India} }


@conference{calzolari2002broadening,
  title={{Broadening the scope of the EAGLES/ISLE lexical standardization initiative}},
  author={Calzolari, N. and della Ricerca, A. and Moruzzi, V. and Lenci, A. and Maria, V.S. and Bertagna, F. and Zampolli, A.},
  booktitle={Pro\-cee\-dings of the 3rd Workshop on Asian Language Resources and International Standardization},
  address={Taipei, Taiwan},
  pages={9--16},
  year={2002}
}

 @inproceedings{zampolli97,
        author={Zampolli, A.},
        title = {{The PAROLE Project in R}},
        booktitle = {The General Context of the European Actions for Language Resources, Pro\-cee\-dings of the Second European Seminar: Language
Applications for Multilingual Europe},
        publisher="TELRI",
        address = {Kaunas, Lithuania},
        pages = {185-210},
        year = {1997},
        editor=" R. Marcinkeviciene, N. Volz"
}

@conference{khoja2001tagset,
  title={{A tagset for the morphosyntactic tagging of Arabic}},
  author={Khoja, S. and Garside, R. and Knowles, G.},
  booktitle={Corpus Linguistics 2001 conference}, address="Lancaster",
  year={2001}
}


@phdthesis{kawata-tagsets,
  title={{Tagsets for morphosyntactic corpus annotation: The idea of a `reference tagset' for Japanese}},
  author={Kawata, Y.},
  year="2005",
  institution="University of Essex",
  address="Colchester, UK" }


@conference{ide2004registry,
  title={{A registry of standard data categories for linguistic annotation}},
  author={Ide, N. and Romary, L.},
  booktitle={Pro\-cee\-dings of the Fourth Language Resources and Eva\-lu\-ation Con\-fe\-rence (LREC 2004)},
  address="Lisboa, Portugal",
  month="May",
  pages={135--39},
  year={2004},
}


@conference{kemps2008isocat,
  title={{ISOcat: Corralling data categories in the wild}},
  author={Kemps-Snijders, M. and Windhouwer, M. and Wittenburg, P. and Wright, S.E.},
  booktitle={Pro\-cee\-dings of the International Con\-fe\-rence on Language Resources and Eva\-lu\-ation (LREC 2008)},
  address="Marrakech, Morocco",
  month="May",
  year={2008}
}


@inproceedings{sloetjes2008annotation,
  title={{Annotation by category: Elan and ISO DCR}},
  author={Sloetjes, H. and Wittenburg, P.},
  booktitle={Pro\-cee\-dings of the International Con\-fe\-rence on Language Resources and Eva\-lu\-ation (LREC 2008)},
  address=" Marrakech, Morocco", month="May",
  year={2008}
}

@InProceedings{dechalendar-nouvel:2009:SETQA-NLP,
  fullauthor    = {de Chalendar, Ga\"{e}l  and  Nouvel, Damien},
    author    = {de Chalendar, G.  and  Nouvel, D.},
  title     = {Modular resource development and diagnostic evaluation framework for fast {NLP} system improvement},
  booktitle = {Pro\-cee\-dings of the Workshop on Software Engineering, Testing, and Quality Assurance for Natural Language Processing (SETQA-NLP 2009)},
  month     = {June},
  year      = {2009},
  address   = {Boulder, Colorado},
  mypublisher = {Association for Computational Linguistics},
  pages     = {65--73},
  myurl       = {http://www.aclweb.org/anthology/W09-1511}
}

@techreport{bakker1993eurotyp,
  title={{EURO\-TYP guidelines}},
  author={Bakker, D. and Dahl, O. and Haspelmath, M. and Koptjevskaja-Tamm, M. and Lehmann, C. and Siewierska, A.},
  year="1993",
fullauthor="Dik Bakker,Osten Dahl, Martin Haspelmath, Maria
Koptjevskaja-Tamm, Christian Lehmann, and Anna Siewierska",
institution="European Science Foundation Programme in Language Typology "
}

@conference{farrar-langendoen03,
  title={{Markup and the GOLD ontology}},
  author={Farrar, S. and Langendoen, D.T.},
  booktitle={EMELD Workshop on Di\-gi\-ti\-zing and Annotating Text and Field Recordings},
  publisher="Michigan State University",
  month="July",
  myurl="http://emeld.org/workshop/2003/proceeding03.html#papers",
  year={2003},
}


@misc{bickel-nichols07-autotyp-principles,
        title="The goals and principles of {AUTOTYP}",
        howpublished="{\small\texttt{http://www.uni-leipzig.de/$\sim$autotyp/} \texttt{theory.html}}",
        author="Bickel, B. and Nichols, J.",
        fullauthor="Balthasar Bickel and Johanna Nichols",
        year="2000",
        note="version of 01/12/2007"
}


@InProceedings{wilcock:2007:PosterDemo,
  author    = {Wilcock, Graham},
  title     = {{An OWL ontology for HPSG}},
  booktitle = {Pro\-cee\-dings of the 45th Annual Meeting of the Association for Computational Linguistics},
  month     = {June},
  year      = {2007},
  address   = {Prague, Czech Republic},
  pages     = {169--172},
}


@conference{goecke2005gold,
  title={{GOLD and discourse: Domain-and community-specific extensions}},
  author={Goecke, D. and L{ü}ngen, H. and Sasaki, F. and Witt, A. and Farrar, S.},
  booktitle={Pro\-cee\-dings of the E-MELD Workshop on Morphosyntactic Annotation and Terminology: Linguistic Ontologies and Data Categories for Language Resources},
  month="July",
  address="Cambridge, Massachusetts",
  year={2005}
}


@article{cysouw2005can,
  title={{Can GOLD ``cope'' with WALS? Retrofitting an ontology onto the World Atlas of Language Structures}},
  author={Cysouw, M. and Good, J. and Albu, M. and Bibiko, H.J.},
  journal={Pro\-cee\-dings of the E-MELD Workshop on Morphosyntactic Annotation and Terminology: Linguistic Ontologies and Data Categories for Language Resources},
  year={2005},
  month="July",
  address="Cambridge, Massachusetts",
}

@book{haspelmath2005world,
  title={{The World Atlas of Language Structures}},
  author={Haspelmath, M. and Dryer, M.S. and Bibiko, H.J. and Gil, D. and Comrie, B. and Hagen, J. and Schmidt, C.},
  year={2005},
  publisher={Oxford University Press, USA}
}


@conference{cimiano2003ontology,
  title={{Ontology-based semantic construction, underspecification and disambiguation}},
  author={Cimiano, P. and Reyle, U.},
  booktitle={Pro\-cee\-dings of the Lorraine/Saarland Workshop on Prospects and Recent Advances in the Syntax-Semantics Interface},
  month="October",
address="Nancy, France",
  pages={33--38},
  year={2003}
}


@conference{coppola2009frame,
  title={{Frame Detection over the Semantic Web}},
  author={Coppola, B. and Gangemi, A. and Gliozzo, A. and Picca, D. and Presutti, V.},
  booktitle={Pro\-cee\-dings of the 6th European Semantic Web Con\-fe\-rence on The Semantic Web: Research and Applications (ESCW 2009)},
  month="May 31-June 04", address="Heraklion, Crete",
  year={2009},
}

@inproceedings{gangemi2003ontowordnet,
        title = {{The OntoWordNet project: Extension and axiomatization of conceptual
	relations in {W}ord{N}et}},
  author={Gangemi, A. and Navigli, R. and Velardi, P.},
        booktitle = {Pro\-cee\-dings of On the Move to Meaningful Internet Systems (OTM2003)},
        address="Catania, Italy",
        month="November",
        editor = {R. Meersman and Z. Tari},
        pages = {820--838},
        year = "2003"
}





@conference{wright2004global,
  title={{A global data category registry for interoperable language resources}},
  author={Wright, S.E.},
  booktitle={Pro\-cee\-dings of the Fourth Language Resources and Eva\-lu\-ation Con\-fe\-rence (LREC 2004)},
  address="Lisboa, Portugal",
  month="May",
  pages={123--126},
  year={2004}
}


@conference{schmidt2006avoiding,
  fulltitle={{Avoiding data graveyards: From heterogeneous data collected in multiple research projects to sustainable linguistic resources}},
title="Avoiding data graveyards",
  author={Schmidt, T. and Chiarcos, C. and Lehmberg, T. and Rehm, G. and Witt, A. and Hinrichs, E.},
  booktitle={Pro\-cee\-dings of the E-MELD workshop on Digital Language Documentation},
nomonth="June", address="East Lansing",
  year={2006}
}


@article{chiarcos2007ontology,
  title={{An ontology of linguistic annotation: Word classes and morphology}},
  author={Chiarcos, C.},
  journal={Proc. of DIALOG},
  volume={2007},
  year={2007},
  publisher={Citeseer}
}


@article{rehm2009sustainability,
  title={{Sustainability of annotated resources in linguistics: A web-platform for exploring, querying, and distributing linguistic corpora and other resources}},
  author={Rehm, G. and Schonefeld, O. and Witt, A. and Hinrichs, E. and Reis, M.},
  journal={Literary and Linguistic Computing},
  year={2009},
  publisher={ALLC}
}



@conference{kermes2003text,
  title={{Text a\-na\-ly\-sis meets corpus linguistics}},
  author={Kermes, H. and Evert, S.},
  booktitle={Pro\-cee\-dings of Corpus Linguistics 2003},
  year={2003},
  organization={Citeseer}
}

@conference{kermes2002yac,
  title={{YAC -- A recursive chunker for unrestricted German text}},
  author={Kermes, H. and Evert, S.},
  booktitle={Pro\-cee\-dings of the Third International Con\-fe\-rence on Language Resources and Eva\-lu\-ation (LREC 2002)},
  address="Las Palmas, Spain",
  month="May",
  pages={1805--1812},
  year={2002},
}


@inproceedings{connexor97, author="Tapanainen, P. and Järvinen, T.",
fullauthor="Pasi Tapanainen and Timo Järvinen", year="1997", title="A
nonprojective dependency parser", booktitle="Pro\-cee\-dings of the 5th
Con\-fe\-rence on Applied Natural Language Processing", address="Washington,
DC", pages="64-71", month="April" }

@book{sampson1995english,
  title={{English for the computer: The SUSANNE corpus and analytic scheme}},
  author={Sampson, G.},
  year={1995},
  publisher={Oxford University Press}
}


@inproceedings{mandel2006integrated,
  title={{Integrated annotation of bio\-me\-di\-cal text: Creating the PennBioIE corpus}},
  author={Mandel, M.},
  booktitle={Text Mining Ontologies and Natural Language Processing in Biomedicine},
  address={Manchester, UK},
  month="March",
  year={2006}
}


@article{kim2003genia,
  title={{GENIA corpus -- {A} semantically annotated corpus for bio-textmining}},
  author={Kim, J.D. and Ohta, T. and Tateisi, Y. and Tsujii, J.},
  journal={Bioinformatics},
  volume={19},
  number={1},
  pages={180--182},
  year={2003},
  mypublisher={Oxford Univ Press}
}

@techreport{schiller1999guidelines,
  title={{Guidelines für das Tagging deutscher Textcorpora mit STTS}},
  author={Schiller, A. and Teufel, S. and Thielen, C. and Stöckert, C.},
  institution={University of Stuttgart, University of Tübingen},
  year={1999}
}

@conference{brants2002developments,
  title={{Developments in the TIGER annotation scheme and their realization in the corpus}},
  author={Brants, S. and Hansen, S.},
    booktitle={Pro\-cee\-dings of the Third International Con\-fe\-rence on Language Resources and Eva\-lu\-ation (LREC 2002)},
  address="Las Palmas, Spain",
  month="May",
  pages={1643--1649},
  year={2002},
}

@conference{zielinski2008morphisto,
  title={{Morphisto: An open-source morphological analyzer for German}},
  author={Zielinski, A. and Simon, C.},
  booktitle={Pro\-cee\-dings of the Con\-fe\-rence on Finite State Methods in Natural Language Processing (FSMNLP)},
  month="September",
  address="Ispra, Italy",
  year={2008}
}


@inproceedings{schmid-laws08, fullauthor={Helmut Schmid and Florian Laws},
author={Schmid, H. and Laws, F.}, title={Estimation of Conditional Probabilities
with Decision Trees and an Application to Fine-Grained POS Tagging},
booktitle={Pro\-cee\-dings of the 22nd International Con\-fe\-rence on Computational
Linguistics (COLING 2008)}, address="Manchester, UK", month="August",
year="2008" }

@incollection{meyer03, author="Meyer, R.", fullauthor="Roland Meyer",
year="2003", title="{Halbautomatische morphosyntaktische Annotation
russischer Texte}", editor="Hammel, R. and L. Geist", booktitle="Linguistische
Beiträge zur Slavistik aus Deutschland und Österreich. X.
JungslavistInnen-Treffen, Berlin 2001", address="München",
publisher="Sagner", pages="92--105" }



@conference{sharoff2008designing,
  title={{Designing and evaluating Russian tagsets}},
  author={Sharoff, S. and Kopotev, M. and Erjavec, T. and Feldman, A. and Divjak, D.},
  booktitle={Pro\-cee\-dings of the 6th International Con\-fe\-rence on Language Resources and Eva\-lu\-ation (LREC 2008)},
  address="Marrakech, Morocco",
  month="May",
  year={2008}
}

@book{isis07, editor="Dipper, S. and Götze, M. and Skopeteas, S.",
fulleditor="Dipper, Stefanie and Götze, Michael and Skopeteas, Stavros",
year="2007", title="Information Structure in Cross-Linguistic Corpora:
{Annotation} Guidelines for Phonology, Mor\-pho\-lo\-gy, Syntax, Semantics, and
Information Structure", series="Interdisciplinary Studies on Information
Structure (ISIS), Working Papers of the SFB 632; 7",
nopublisher={Universit\"atsverlag Potsdam}, address="Potsdam, Germany" }


@article{petrova-etal09, fullauthor="Petrova, Svetlana and Chiarcos, Christian
and Ritz, Julia and Solf, Michael and Zeldes, Amir", author="Petrova, S. and
Chiarcos, C. and Ritz, J. and Solf, M. and Zeldes, A.", year="2009", title="
Building and u\-sing a richly annotated interlinear diachronic corpus: {The case
of Old High German Tatian}", journal="Traitement automatique des langues et
langues anciennes", volume="50", number="2", pages="47-71" }

@inproceedings{wagner-zeisler04, author="Wagner, A. and Zeisler, B.",
fullauthor="Wagner, Andreas and Zeisler, Bettina", year="2004", title="A
syntactically annotated corpus of {Tibetan}",
  booktitle={Fourth International Con\-fe\-rence on Language Resources and Eva\-lu\-ation (LREC 2004)},
    address="Lisboa, Portugal",
  month="May"
}



@conference{brants2002tiger,
  title={{The TIGER treebank}},
  author={Brants, S. and Dipper, S. and Hansen, S. and Lezius, W. and Smith, G.},
  booktitle={Pro\-cee\-dings of the Workshop on Treebanks and Linguistic Theories},
  month="September", address="Sozopol, Bulgaria",
  pages={24--41},
  year={2002}
}


@conference{stede2004potsdam,
  title={{The Potsdam Commentary Corpus}},
  author={Stede, M.},
  booktitle={Pro\-cee\-dings of the 2004 ACL Workshop on Discourse Annotation},
  address="Barcelona, Spain",
  month="July",
  pages={96--102},
  year={2004},
}


@conference{schmid1994probabilistic,
  title={{Probabilistic part-of-speech tagging u\-sing decision trees}},
  author={Schmid, H.},
  booktitle={Pro\-cee\-dings of International Con\-fe\-rence on New Methods in Language Processing},
  month="September",
  year={1994},
  address={Manchester, UK},
  pages="44-49"
}


@conference{toutanova2003feature,
  title={{Feature-rich part-of-speech tagging with a cyclic dependency network}},
  author={Toutanova, K. and Klein, D. and Manning, C.D. and Singer, Y.},
  booktitle={Pro\-cee\-dings of the 2003 Con\-fe\-rence of the North American Chapter of the Association for Computational Linguistics on Human Language Technology (HLT-NAACL 2003)},
  month="May",
  address="Edmonton, Canada",
  year={2003},
  myorganization={Association for Computational Linguistics}
}


@inproceedings{klein2003accurate,
  author={Klein, D. and Manning, C.D.},
   fullauthor    = {Dan Klein  and  Christopher D. Manning},
  title     = {Accurate Unlexicalized Parsing},
  booktitle = {Pro\-cee\-dings of the 41st Annual Meeting of the Association for Computational Linguistics},
  month     = {July},
  year      = {2003},
  address   = {Sapporo, Japan},
  pages     = {423--430},
}


@conference{petrov2007improved,
  title={{Improved inference for unlexicalized parsing}},
  author={Petrov, S. and Klein, D.},
  booktitle={Pro\-cee\-dings of the Con\-fe\-rence of the North American Chapter of the Association for
Computational Linguistics on Human Language Technology (HLT-NAACL
2007)}, address="Rochester, NY", month="April",
  pages={404--411},
  year={2007}
}


@InProceedings{chiarcos-ritz-stede:2009:LAW-III,
 fullauthor    = {Chiarcos, Christian  and  Ritz, Julia  and  Stede, Manfred},
  fullauthor    = {Chiarcos, C. and  Ritz, J. and  Stede, M.},
  title     = {By all these lovely tokens... {M}erging Conflicting Tokenizations},
  booktitle = {Pro\-cee\-dings of the Third Linguistic Annotation Workshop (LAW-III), held in conjunction with ACL-IJCNLP 2009},
  month     = {August},
  year      = {2009},
  address   = {Singapore},
  pages     = {35--43},
}


@conference{aguado2002pareja,
        author="Aguado de Cea, G. and de Mon-Rego, Á. I. and  Pareja-Lora, A. and Plaza-Arteche, R.",
        year="2002",
        title="{OntoTag: A} Semantic Web Page Linguistic Annotation Model",
  booktitle={Pro\-cee\-dings of the ECAI 2002 Workshop on Semantic Authoring, Annotation and Knowledge Markup},
  address="Lyon, France", month="July"
}


@conference{hellmann10, fullauthor="Hellmann, Sebastian", author="Hellmann, S.",
year="2010", title="The Semantic Gap of Formalized Meaning",
booktitle="The 7th Extended Semantic Web Con\-fe\-rence (ESWC 2010)",
month="May 30th -- June 3rd",
address="Heraklion, Greece"
}

@article{sirin2007pellet,
  title={{Pellet: A practical OWL/DL reasoner}},
  author={Sirin, E. and Parsia, B. and Grau, B.C. and Kalyanpur, A. and Katz, Y.},
  journal={Web Semantics: Science, Services and Agents on the World Wide Web},
  volume={5},
  number={2},
  pages={51--53},
  year={2007},
}

@inproceedings{buitelaar06, fullauthor="Buitelaar, Paul and Declerck, Thierry
and Frank, Anette and Racioppa, Stefania and Kiesel, Malte and Sintek, Michael
and Engel, Ralf and Romanelli, Massimo and Sonntag, Daniel and Loos,
Berenike and Micelli , Vanessa and Porzel , Robert and Cimiano, Philipp",
author="Buitelaar, P. and Declerck, T. and Frank, A. and Racioppa, S. and
Kiesel, M. and Sintek, M. and Engel, R. and Romanelli, M. and Sonntag, D.  and
Loos, B. and Micelli, V. and Porzel, R. and Cimiano, P.", title="{LingInfo: Design
and applications of a model for the integration of linguistic information in
ontologies}", booktitle="Proceedings of the  5th International Conference on
Language Resources and Evaluation (LREC 2006)", address="Genoa, Italy",
nomonth="May", year="2006" }



@InProceedings{DAVIS08.911,
  fullauthor = {Davis, Brian and Handschuh, Siegfried and Troussov, Alexander and Judge, John  and Sogrin, Mikhail },
    author = {Davis, B. and Handschuh, S. and Troussov, A.  and Judge, J. and Sogrin, M.},
  title = {Linguistically Light Lexical Extensions for Ontologies},
  booktitle = {Pro\-cee\-dings of the Sixth International Con\-fe\-rence on Language Resources and Eva\-lu\-ation (LREC 2008)},
  year = {2008},
  month = {May},
  address = {Marrakech, Morocco},
  }


@InProceedings{AGUADODECEA08.345,
  fullauthor = {Aguado de Cea, Guadalupe and Puch, Javier  and Ramos, José Ángel},
    author = {Aguado de Cea, G. and Puch, J. and Ramos, J.Á.},
  title = {Tagging {Spanish} Texts: {The} Problem of ``SE''},
  booktitle = {Pro\-cee\-dings of the Sixth International Con\-fe\-rence on Language Resources and Eva\-lu\-ation (LREC 2008)},
  year = {2008},
  month = {May},
  address = {Marrakech, Morocco},
  }



@article{halteren2001improving,
  title={{Improving accuracy in word class tagging through the combination of machine learning systems}},
  author={Halteren, H. van and Zavrel, J. and Daelmans, W.},
  journal={Computational Linguistics},
  volume={27},
  number={2},
  pages={199--229},
  year={2001},
  mypublisher={MIT Press}
}

@conference{halteren-etal98,
        author="Halteren, H. van and Zavrel, J. and Daelmans, W.",
        year="1998",
        title="Improving Data Driven Wordclass Tagging by System Combination",
  booktitle="Pro\-cee\-dings of the 36th Annual Meeting of the Association for Computational Linguistics and the 17th
International Con\-fe\-rence on Computational Linguistics (COLING-ACL 1998)",
month="August", address="Montréal, Canada",
        }


@inproceedings{brill1998classifier,
  title={{Classifier combination for improved lexical disambiguation}},
  author={Brill, E. and Wu, J.},
  booktitle="Pro\-cee\-dings of the 36th Annual Meeting of the Association for Computational Linguistics and the 17th
International Con\-fe\-rence on Computational Linguistics (COLING-ACL 1998)",
month="August", address="Montréal, Canada",
  pages={191--195},
  year={1998},
  myorganization={ASSOCIATION FOR COMPUTATIONAL LINGUISTICS}
}

@conference{zavrel-daelemans00bootstrapping,
  fullauthor    = {Jakub Zavrel and
               Walter Daelemans},
author    = {Zavrel, J. and
               Daelemans, W.},
  title     = {Bootstrapping a Tagged Corpus through Combination of Existing
               Heterogeneous Taggers},
booktitle="Pro\-cee\-dings of the 2nd International Con\-fe\-rence on Language
Resources and Eva\-lu\-ation (LREC 2000)", month="May, 31st -- June, 2nd",
address="Athens, Greece",
  year      = {2000},
}

@conference{borin00,
        title="Something Borrowed, Something Blue: {Rule}-Based Combination of {POS}
Taggers",
        fullauthor="Lars Borin",
        author="Borin, L.",
        year="2000",
booktitle="Pro\-cee\-dings of the 2nd International Con\-fe\-rence on Language
Resources and Eva\-lu\-ation (LREC 2000)", month="May, 31st -- June, 2nd",
address="Athens, Greece"
}

@conference{tufis2000using,
  title={{Using a large set of EAGLES-compliant morpho-syntactic descriptors as a tagset for probabilistic tagging}},
  author={Tufi{\c{s}}, D.},
  year="2000",
booktitle="Pro\-cee\-dings of the 2nd International Con\-fe\-rence on Language
Resources and Eva\-lu\-ation (LREC 2000)", month="May, 31st -- June, 2nd",
address="Athens, Greece",
  pages={1105--1112},
}

@conference{chiarcos-etal2010law,
        author="Chiarcos, C. and Eckart, K. and Ritz, J.",
        title="Creating and Exploiting a Resource of pa\-ral\-lel Parses",
        booktitle="4th Linguistic Annotation Workshop (LAW 2010), held in conjunction with ACL-2010",
        address="Uppsala, Sweden",
        month="July",
        year="2010"
}



@article{cunningham2002gate,
  title={GATE, a general architecture for text engineering},
  author={Cunningham, H.},
  journal={Computers and the Humanities},
  volume={36},
  number={2},
  pages={223--254},
  year={2002},
  publisher={Springer}
}


@conference{windhouwer-wright2012,
    fullauthor="Menzo Windhouwer and Wright, Sue Ellen",
    author="Windhouwer, M. and Wright, S. E.",
    title="Linking to linguistic data categories in {ISOcat}",
    booktitle="Linked Data in Linguistics (LDL 2012)",
    month="Mar",
    address="Frankfurt/M., Germany",
    year="accepted"
}




@InProceedings{chiarcos:2010:ACL,
  fullauthor    = {Chiarcos, Christian},
    author="Chiarcos, C.",
  title     = {Towards Robust Multi-Tool Tagging. {An} {OWL/DL}-Based Approach},
  booktitle = {ACL 2010},
  fullbooktitle={Proc.  48th Annual Meeting of the Association for Computational Linguistics},
  month     = {July},
  year      = {2010},
  address   = {Uppsala, Sweden},
  shortaddress="Uppsala",
  nopublisher = {Association for Computational Linguistics},
  pages     = {659--670},
  nourl       = {http://www.aclweb.org/anthology/P10-1068}
}


@article{verspoor2009abstracting,
  title={Abstracting the types away from a UIMA type system},
  author={Verspoor, K. and Baumgartner, W. and Roeder, C. and Hunter, L.},
  journal={From Form to Meaning: Processing Texts Automatically. C. Chiarcos, Eckhart de Castilho, Stede, M},
  pages={249--256},
  year={2009}
}

@conference{quastoff_2010,
  author = {Matthias Quasthoff and Sebastian Hellmann and Konrad Höffner},
  title = {Standardized Multilingual Language Resources for the Web of Data:
	http://corpora.uni-leipzig.de/rdf},
  booktitle = {3rd prize at the LOD Triplification Challenge, Graz, 2009},
  keywords = {2009 hellmann group_aksw mole sys:relevantFor:bis sys:relevantFor:infai
	hoeffner event_TriplificationChallenge},
  owner = {sebastian},
  timestamp = {2010.12.11},
  url = {http://triplify.org/files/challenge_2009/languageresources.pdf},
  year = {2009}
}

@inproceedings{hellmann-etal2010-tigercorpusnavigator,
    fullauthor="Sebastian Hellmann and J?rg Unbehauen and Christian Chiarcos and Axel-Cyrille {Ngonga Ngomo}",
    author="Hellmann, S. and Unbehauen, J. and Chiarcos, C. and Ngonga Ngomo, A.",
    year="2010",
    title="{The TIGER Corpus Navigator}",
    noeditor="Kaili M??risep and Marco Passarotti and Markus Dickinson",
    booktitle="9th International Workshop on Treebanks and Linguistic Theories (TLT-9)",
    nopublisher="Northern European Association for Language Technology (NEALT)",
    address="Tartu, Estonia",
    noaddress="Tartu",
    noseries="NEALT Proc. Series, Vol. 9",
    pages="91-102"
}

@article{mccrae2011linking,
  title={Linking Lexical Resources and Ontologies on the Semantic Web with {Lemon}},
  author={McCrae, J. and Spohr, D. and Cimiano, P.},
  journal={The {Semantic Web}: {Research} and Applications},
  volume = {},
  pages={245--259},
  year={2011},
  publisher={Springer}
}

@inproceedings{ pareja-lora:ontology-based,
fullAUTHOR = "Antonio Pareja-Lora and Guadalupe Aguado de Cea",
author="Pareja-Lora, A. and Aguado de Cea, G.",
TITLE = "Ontology-based Interoperation of Linguistic Tools for an Improved Lemma Annotation in {Spanish}",
booktitle = "Proc. LREC 2010",
address="Valetta, Malta",
YEAR = {2010}  }


% This file was created with JabRef 2.5.
% Encoding: Cp1252

@TechReport{Koenig_LeziusReport2003,
  author            = {E. K?nig and W. Lezius},
  title             = {The {TIGER} language - A Description Language for Syntax Graphs, {F}ormal Definition.},
  institution       = {IMS},
  year              = {2003},
  postscript        = {http://www.ims.uni-stuttgart.de/projekte/corplex/paper/lezius/tigerLangForm.ps.gz},
  pdf               = {http://www.ims.uni-stuttgart.de/projekte/corplex/paper/lezius/tigerLangForm.pdf},
  keywords          = {Treebank,German,TIGER,Search}
}

@InProceedings{shPHD,
  title =   {{The Semantic Gap of Formalized Meaning}},
  author =  "S. Hellmann",
  booktitle =   "European Semantic Web Conference (ESWC)",
  month="May",
  address="Heraklion, Greece",
  year =    "2010"
}



@techreport{pito1994tgrep,
  title={{Tgrep Manual Page}},
  author={Pito, R.},
  organization={Linguistic Data Consortium},
  year={1994}
}


@inproceedings{lezius02,
        author="Wolfgang Lezius",
        year="2002", title="{TIGERSearch. Ein Suchwerkzeug f?r Baumbanken}",
        booktitle="Proc. KONVENS 2002",
        address="Saarbr?cken"
        }
% This file was created with JabRef 2.5.
% Encoding: Cp1252

@webpage{OpenLinkSoftware2009,
  author = {{OpenLink Software}},
  interHash = {83256a137e2108d322eaad7a5f1144e8},
  intraHash = {17fc62be0799d156799cb35fff0ae641},
  title = {{Virtuoso Open-Source Edition}},
  url = {http://virtuoso.openlinksw.com/dataspace/dav/wiki/Main/},
  year = {2009},
  timestamp = {2009.08.28},
  lastchecked = {28.08.2009},
  owner = {zazi}
}

@inproceedings{alc_learning_algorithm,
  author = 	 {J. Lehmann and P. Hitzler},
  title = 	 {A Refinement Operator Based Learning Algorithm for the {ALC} Description Logic},
  booktitle = {ILP 2007},
  year = 	 {2007}
}

@article{dllearner_jmlr,
        title = {{DL-Learner:} Learning Concepts in Description Logics},
        author = {J. Lehmann},
        journal = {Journal of Machine Learning Research},
        year = 2009,
        description = {publications Jens Lehmann},
	biburl = {http://www.bibsonomy.org/bibtex/2d863a06ce17d41d0e6695f0edac74f5f/jens},
	keywords = {2009 aksw dllearner imported mole sys:relevantFor:infai},
    }



@book{schoenthal75,
fullauthor="Schoenthal, Gisela",
author="Schoenthal, G.",
fulltitle="{Das Passiv in der deutschen Standardsprache. Darstellung in der neueren Grammatiktheorie und Verwendung in gesprochener Sprache}",
title="{Das Passiv in der deutschen Standardsprache}",
address={M?nchen},
 year="1975", publisher="Hueber"
}


@techreport{pito1994tgrep,
  title={{Tgrep Manual Page}},
  author={Pito, R.},
  organization={Linguistic Data Consortium},
  year={1994}
}


@inproceedings{lezius02,
        author="Wolfgang Lezius",
        year="2002", title="{TIGERSearch. Ein Suchwerkzeug f?r Baumbanken}",
        booktitle="KONVENS",
        address="Saarbr?cken"
        }


@article{cunningham2002gate,
  title={{GATE, a general architecture for text engineering}},
  author={Cunningham, H.},
  journal={Computers and the Humanities},
  volume={36},
  number={2},
  pages={223--254},
  year={2002},
  publisher={Springer}
}

@inproceedings{evert-kermes03,
        author="Evert, S. and H. Kermes",
        year="2003",
        title="Annotation, storage, and retrieval of mildly recursive structures",
        title="SProLaC",
        editor="K. Simov and P. Osenova", address="Lancaster, UK",
        pages="23-33"
        }




@InProceedings{AGUADODECEA08.345,
  fullauthor = {Aguado de Cea, G. and Puch, J.  and Ramos, J. ?.},
    author = {Aguado de Cea, G. and Puch, J. and Ramos, J.?.},
  title = {Tagging {Spanish} Texts: {The} Problem of ``SE''},
  booktitle = {LREC 2008},
  year = {2008},
  month = {May},
  address = {Marrakech, Morocco},
  }

@InProceedings {gomez-perez-etal03,
	author = {G. Aguado~de~Cea and A. G\' {o}mez-P\' {e}rez and I. \' {A}lvarez~de~Mon and A. Pareja-Lora},
	title = {OntoTag's Linguistic Ontologies: Improving Semantic Web Annotations for a Better Language Understanding in Machines},
	booktitle = {ITCC 2004, Volume 2},
	year = {2004},
	isbn = {0-7695-2108-8},
	pages = {124--128},
	publisher = {IEEE Computer Society},
	address = {Washington, DC, USA},
	}


@inproceedings{gangemi2003ontowordnet,
        title = {{The OntoWordNet project: Extension and axiomatization of conceptual
	relations in {W}ord{N}et}},
  author={Gangemi, A. and Navigli, R. and Velardi, P.},
        booktitle = {Proc. On the Move to Meaningful Internet Systems (OTM2003)},
        address="Catania, Italy",
        editor = {R. Meersman and Z. Tari},
        pages = {820--838},
        year = "2003"
}




@InProceedings{DAVIS08.911,
  fullauthor = {Davis, Brian and Handschuh, Siegfried and Troussov, Alexander and Judge, John  and Sogrin, Mikhail },
    author = {Davis, B. and Handschuh, S. and Troussov, A.  and Judge, J. and Sogrin, M.},
  title = {Linguistically Light Lexical Extensions for Ontologies},
  booktitle = {LREC 2008},
  year = {2008},
  month = {May},
  address = {Marrakech, Morocco},
  }




@InProceedings {ide03,
	author = {N. Ide and L. Romary and E. de~la~Clergerie},
	title = {International {S}tandard for a {L}inguistic {A}nnotation {F}ramework},
	booktitle = {HLT-NAACL 2003},
	pages = {25--30},
	address = {Edmonton, Canada},
	year = 2003
	}


@inproceedings {c33:paula,
	author = {S. Dipper},
	title = {X {M} {L}-based Stand-off Representation and Exploitation of Multi-Level Linguistic Annotation},
	booktitle = {Proc. Berliner XML Tage},
	editor = {Rainer Eckstein and Robert Tolksdorf},
	year = {2005},
	pages = {39-50},
	standort = {Archiv}
	}



@article{goetz-suhre04,
        author="Goetz, T. and Suhre, O.",
        year="2004",
        title="{Design and implementation of the UIMA Common Analysis System}",
        journal="IBM Systems Journal",
        volume="43", number="3", pages="476--489"
        }

@inproceedings{Marek08,
  fullauthor = {Torsten Marek and Joakim Lundborg and Martin Volk},
  author = {T. Marek and J. Lundborg and M. Volk},
  year = 2008,
  title = {Extending the {TIGER} Query Language with Universal Quantification},
  booktitle = {Proceeding of {KONVENS-2008}},
  month="October",
  pages = {3-14},
  address = {Berlin},
}

@techreport{rohde05,
        title="{TGrep2 user manual, version 1.15}",
        fullauthor="Rohde, Douglas L. T.",
        author="Rohde, D.",
        month="May",
        year="2005",
        fullinstitution="Department of Brain and Cognitive Science, Massachusetts Institute of Technology",
        institution="MIT",
        address="Cambridge, MA",
        url="http://tedlab.mit.edu/~dr/Tgrep2"
}

@incollection{mueller2006multi,
  title={{Multi-level annotation of linguistic data with MMAX2}},
  author={M?ller, C. and Strube, M.},
  fullbooktitle={Corpus Technology and Language Pedagogy: New Resources, New Tools, New Methods},
  booktitle={Corpus Technology and Language Pedagogy},
  publisher="Peter Lang",
  address="Frankfurt am Main",
  pages={197--214},
  year={2006}
}

@inproceedings{pajas-etal09,
        fullauthor="Pajas, Petr and \v{S}tep?nek, Jan",
        author="Pajas, P. and \v{S}tep?nek, J.",
        title="System for Querying Syntactically Annotated Corpora",
        booktitle="ACL-IJCNLP 2009",
        address="Suntec, Singapore", pages="33-36", year="2009", month="August"
}

@conference{zeldes2009annis,
  title={{ANNIS: A search tool for multi-layer annotated corpora}},
  author={Zeldes, A. and Ritz, J. and L?deling, A. and Chiarcos, C.},
  booktitle={Proc. Corpus Linguistics},
  address="Liverpool, UK",
  month="July",
  pages={20--23},
  year={2009}
}

@inproceedings{resnik-etal05,
        fullauthor="Resnik, Philip and Elkiss, Aaron and Lau, Ellen and Taylor, Heather",
        author="Resnik, P. and Elkiss, A. and Lau, E. and Taylor, H.",
        title="The Web in Theoretical Linguistics Research: {Two} Case Studies Using the {Linguist's Search Engine}",
        booktitle="31st Meeting of the Berkeley Linguistics Society",
        month="February",
        year="2005",
        pages="265-276"
}

@inproceedings{christ94,
        author="Christ, O.",
        year="1994",
        title="A modular and flexible architecture for an integrated corpus query system",
        booktitle="Papers in Computational Lexicography (COMPLEX '94)",
        pages="22--32"
}

@InProceedings{ghodke-bird:2010:NAACLHLT,
  fullauthor    = {Ghodke, Sumukh  and  Bird, Steven},
  author    = {Ghodke, S.  and  Bird, S.},
  title     = {Fast Query for Large Treebanks},
  fullbooktitle = {Human Language Technologies: The 2010 Annual Conference of the North American Chapter of the Association for Computational Linguistics},
        booktitle = {NAACL-HLT 2010},
  month     = {June},
  year      = {2010},
  address   = {Los Angeles, California},
  mypublisher = {Association for Computational Linguistics},
  pages     = {267--275},
  myurl       = {http://www.aclweb.org/anthology/N10-1034}
}

@article{diewald-etal08,
        author="Diewald, N. and St?hrenberg, M. and Garbar, A.  and Goecke, D.",
        year="2008",
        title="{Serengeti - Webbasierte Annotation semantischer Relationen}",
        journal="Journal for Language Technology and Computational Linguistics",
        number="24", volume="2", pages="74-93"
}





@misc{bizer-3.7-ann,
    author="Christian Bizer",
    year="2011",
    title="DBpedia 3.7 released, including 15 localized Editions",
    howpublished="\url{http://blog.dbpedia.org/2011/09/11/dbpedia-37-released-including-15-localized-editions/}"
}


@inproceedings{ide2009bridging,
  title={Bridging the gaps: {Interoperability for GrAF, GATE, and UIMA}},
  author={Ide, N. and Suderman, K.},
  booktitle={Proc.  Third Linguistic Annotation Workshop (LAW 2009)},
  pages={27--34},
  address="Prague",
  year={2009}
}




@Article{PennTreebank93,
  author = 	 {Mitchell Marcus and  Beatrice  Santorini and Mary Ann  Marcinkiewicz },
  title = 	 {Building a large annotated corpus of {E}nglish: the {P}enn {T}reebank},
  journal = 	 {Computational Linguistics},
  year = 	 1993,
  volume =	 19,
  number =	 {2},
  pages =	 {313--330}
}

@inproceedings{georgiadis07,
 author = {Haris Georgiadis and Vasilis Vassalos},
 title = {{XPath} on steroids: exploiting relational engines for xpath performance},
 booktitle = {SIGMOD '07: Proc.  2007 ACM SIGMOD international conference on Management of data},
 year = {2007},
 isbn = {978-1-59593-686-8},
 pages = {317--328},
 location = {Beijing, China},
 publisher = {ACM},
 address = {New York, NY, USA},
 }

@inproceedings{tomanek07,
 author = {Katrin Tomanek and Joachim Wermter and Udo Hahn},
 title = {Efficient Annotation with the Jena ANnotation Environment (JANE)},
 booktitle = {Proc. Linguistic Annotation Workshop (LAW)},
 year = {2007},
 pages = {317--328},
 location = {Prague},

 }

@InProceedings{faulstich06,
  author = 	 {Lukas Faulstich and Ulf Leser and Thorsten Vitt},
  title = 	 {Implementing a Linguistic Query Language for Historic Texts},
  booktitle = 	 {Proc.  International Workshop on Query Languages and Query Processing},
  OPTcrossref =  {},
  OPTkey = 	 {},
  OPTpages = 	 {},
  year = 	 {2006},
  OPTeditor = 	 {},
  OPTvolume = 	 {},
  OPTnumber = 	 {},
  OPTseries = 	 {},
  address = 	 {M\"unchen, Germany},
  OPTmonth = 	 {},
  OPTorganization = {},
  OPTpublisher = {},
  OPTnote = 	 {},
  OPTannote = 	 {}
}

@InProceedings{dipper07,
  author = 	 {Stefanie Dipper AND Michael G{\"o}tze AND Uwe K{\"u}ssner AND Manfred Stede},
  title = 	 {Representing and Querying Standoff XML},
  booktitle = 	 {Proc.  GLDV-Fr{\"u}hjahrstagung},
  OPTcrossref =  {},
  OPTkey = 	 {},
  OPTpages = 	 {},
  year = 	 {2007},
  OPTeditor = 	 {},
  OPTvolume = 	 {},
  OPTnumber = 	 {},
  OPTseries = 	 {},
  address = 	 {T{\"u}bingen, Germany},
  OPTmonth = 	 {},
  OPTorganization = {},
  OPTpublisher = {},
  OPTnote = 	 {},
  OPTannote = 	 {}
}

@Article{barnard95,
  author = 	 {David Barnard and Lou Burnard and Jean-Pierre Gaspart and Lynne A. Price and C. M. Sperberg-McQueen and Giovanni Batista Varile},
  title = 	 {Hierarchical Encoding of Text: Technical Problems and {SGML} Solutions},
  journal = 	 {Text Encoding Initiative: Background and Context. Special Issue of Computers and the Humanities},
  year = 	 1995,
  volume =	 29,
  number =	 {211--231}
}



@MastersThesis{vitt05,
  author = 	 {Thorsten Vitt},
  title = 	 {{DDDquery - Anfragen an komplexe Korpora}},
  school = 	 {Humboldt-Universit\"at zu Berlin, Institut f{\"u}r Informatik},
  year = 	 {2005},
  OPTkey = 	 {},
  OPTtype = 	 {},
  address = 	 {Berlin},
  OPTmonth = 	 {},
  OPTnote = 	 {},
  OPTannote = 	 {}
}


@Misc{taylor:03,
  author = 	 {Taylor, Claire Louise},
  title = 	 {{XSLT} as a {L}inguistic {Q}uery {L}anguage},
  school = 	 {Department of Computer Science and Software Engineering, University of Melbourne},
  year = 	 {2003},
  OPTkey = 	 {},
  OPTtype = 	 {},
  address = 	 {Department of Computer Science and Software Engineering, University of Melbourne},
  OPTmonth = 	 {},
  note = 	 {Honours thesis},
  OPTannote = 	 {}
}

@InProceedings{cassidy:02,
  author = 	 {Steve Cassidy},
  title = 	 {{XQuery} as an Annotation Query Language: a Use Case Analysis},
  booktitle = 	 {Proc. LREC 2002},
  OPTcrossref =  {},
  OPTkey = 	 {},
  pages = 	 {807--814},
  year = 	 {2002},
  OPTeditor = 	 {},
  OPTvolume = 	 {},
  OPTnumber = 	 {},
  OPTseries = 	 {},
  address = 	 {Las Palmas, Spain},
  month = 	 {May},
  OPTorganization = {},
  OPTpublisher = {},
  OPTnote = 	 {},
  OPTannote = 	 {}
}


@InProceedings{ext_xpath:05,
  author = 	 {Steven Bird and Yi Chen and Susan Davidson and Haejoong Lee and Yifeng Zheng},
  title = 	 {Extending {XPath} to Support Linguistic Queries},
  booktitle = 	 {Proc. Programming Language Technologies for XML (PLANX)},
  OPTcrossref =  {},
  OPTkey = 	 {},
  pages = 	 {35-46},
  year = 	 {2005},
  OPTeditor = 	 {},
  OPTvolume = 	 {},
  OPTnumber = 	 {},
  OPTseries = 	 {},
  address = 	 {Long Beach, California},
  month = 	 {January},
  OPTorganization = {},
  OPTpublisher = {},
  OPTnote = 	 {},
  OPTannote = 	 {}
}

@InProceedings{cassidy:03,
  author = 	 {Steve Cassidy},
  title = 	 {Generalising {XPath} for Directed Graphs},
  booktitle = 	 {Proc. Extreme Markup Languages 2003},
  OPTcrossref =  {},
  OPTkey = 	 {},
  OPTpages = 	 {},
  year = 	 {2003},
  OPTeditor = 	 {},
  OPTvolume = 	 {},
  OPTnumber = 	 {},
  OPTseries = 	 {},
  address = 	 {Montreal, Canada},
  OPTmonth = 	 {August},
  OPTorganization = {},
  OPTpublisher = {},
  OPTnote = 	 {},
  OPTannote = 	 {}
}


@inproceedings{dipper04,
	address = {Lisbon, Portugal},
	author = {Dipper, Stefanie   and Faulstich, Lukas   and Leser, Ulf   and L\"udeling, Anke},
	booktitle = {Workshop on {XML}-based richly annotated corpora},
	citeulike-article-id = {790004},
	keywords = {bibtex-import, test},
	month = {May},
	pdf = {DDD/dipper\_etal\_XBRAC04.pdf},
	title = {Challenges in Modelling a Richly Annotated Diachronic Corpus of German},
        pages = {21-29},
	url = {http://www.informatik.hu-berlin.de/Forschung\_Lehre/wbi/publications/2004/xbrac04\_final.pdf},
	year = {2004}
}

@TechReport{faulstich05,
  author = 	 {Lukas C. Faulstich and Ulf Leser and Anke {L\"udeling}},
  title = 	 {{Storing and Querying Historical Texts in a Database}},
  institution =  {Institut f\"ur Informatik der Humboldt-Universit\"at zu Berlin},
  year = 	 {2005},
  OPTkey = 	 {},
  OPTtype = 	 {},
  number = 	 {176},
  OPTaddress = 	 {},
  month = 	 {January},
  OPTnote = 	 {},
  OPTannote = 	 {}
}%, \url{http://www.ims.uni-stuttgart.de/projekte/corplex/TagSets/stt
s-1999.pdf}}
}


@InProceedings{merge05,
  author = 	 {J. Pustejovsky and A. Meyers and M. Palmer and M. Poesio},
  title = 	 {Merging {PropBank}, {NomBank}, {TimeBank}, {Penn Discourse Treebank} and {Coreference}},
  booktitle = 	 {Proc. of ACL Workshop on Frontiers in Corpus Annotation 2005},
  year = 	 {2005},
  OPTcrossref =  {},
  OPTkey = 	 {},
  OPTpages = 	 {},
  OPTyear = 	 {},
  OPTeditor = 	 {},
  OPTvolume = 	 {},
  OPTnumber = 	 {},
  OPTseries = 	 {},
  OPTaddress = 	 {},
  OPTmonth = 	 {},
  OPTorganization = {},
  OPTpublisher = {},
  OPTnote = 	 {http://nlp.cs.nyu.edu/meyers/frontiers/2005.html},
  OPTannote = 	 {}
}



@InProceedings{gate02,
  author =   {H. Cunningham and D. Maynard and K. Bontcheva and V. Tablan},
  title =    {{GATE: A framework and graphical development environment for robust NLP tools and applications}},
  booktitle =    {Proc.  40th Anniversary Meeting of the
                  Association for Computational Linguistics},
pages = {168--175},
  year =     2002
}

@TechReport{schiller-etal99,
  author =		 {Anne Schiller and Simone Teufel and Christine St{\"o}ckert and Christine Thielen},
  title =		 {{Guidelines f{\"u}r das {T}agging deutscher {T}extcorpora
mit {STTS} (Kleines und gro{\ss}es {T}agset)} http://www.ims.uni-stuttgart.de/projekte/corplex/TagSets/stts-1999.pdf},
  institution = {University of Stuttgart and University
of T{\"u}bingen},
  year = "1999"
}

@TechReport{tiger-guidelines,
  author =		 {S. Albert and J. Anderssen and R. Bader and S. Becker and T. Bracht and S. Brants and T. Brants and V. Demberg and S. Dipper and P. Eisenberg and S. Hansen and H. Hirschmann and J. Janitzek and C. Kirstein and R. Langner and L. Michelbacher and O. Plaehn and C. Preis and M. Pussel and M. Rower and B. Schrader and A. Schwartz and G. Smith and H. Uszkoreit},
  title =		 {{TIGER} {A}nnotationsschema},
  institution = {Universities of Saarbr\"ucken, Stuttgart, and Potsdam},
  year = "2003"

}



@InProceedings{atlas02,
  author =	 {Christophe Laprun and Jonathan G. Fiscus and John Garofolo
                  and Sylvain Pajot},
  title =	 {A practical introduction to {ATLAS}},
  booktitle =	 {Proc. LREC 2002},
  year =	 2002,
  address =	 {Las Palmas,Spain}
}

@InCollection{schmidt05,
  author =	 {Thomas Schmidt},
  title =	 {EXMARaLDA und die {D}atenbank ``{M}ehrsprachigkeit'' ---
                  {K}onzepte und praktische {E}rfahrungen},
  booktitle =	 {Heterogeneity in Focus: Creating and Using Linguistic
                  Databases},
  publisher =	 {Universit\"atsverlag Potsdam},
  year =	 2005,
  editor =	 {Stefanie Dipper and Michael G\"otze and Manfred Stede},
  series =	 {ISIS (Interdisciplinary Studies on Information Structure),
                  Working Papers of the SFB 632}
}
@InCollection{luedeling:08,
  author =	 {Anke L\"udeling},
  title =	 {Mehrdeutigkeiten und Kategorisierung. Probleme bei
der Annotation von Lernerkorpora.},
  booktitle =	 {Fortgeschrittene Lernervariet\"aten},
pages = {119--140},
  publisher =	 {Niemeyer},
  address = {T\"ubingen},
  year =	 2008,
  editor =	 {Maik Walter and Patrick Grommes}
}

@InCollection{moisl:toapp,
  author = 	 {Hermann Moisl},
  title = 	 {Exploratory multivariate analysis},
  booktitle = 	 {Corpus Linguistics. An International
Handbook},
  publisher =	 {Mouton de Gruyter},
  year =	 {to appear},
  editor =	 {Anke L\"udeling and Merja Kyt\"o},
  address =	 {Berlin}
}

@InCollection{schmidt04,
  author = 	 {Thomas Schmidt},
  title = 	 {{EXMARaLDA} -- ein {S}ystem zur computergest{\"u}tzten {D}iskurstranskription},
  booktitle = 	 {Automatische Textanalyse. Systeme und Methoden zur Annotation und Analyse nat{\"u}rlichsprachlicher Texte},
  pages =	 {203--218},
  publisher =	 {Verlag f{\"u}r Sozialwissenschaften},
  year =	 2004,
  editor =	 {A. Mehler and H. Lobin},
  address =	 {Wiesbaden}
}

@Article{anc,
  author =	 {Randi Reppen and Nancy Ide},
  title =	 {The {A}merican {N}ational {C}orpus: Overall Goals and the
                  First Release},
  journal =	 {Journal of English Linguistics},
  year =	 2004,
  volume =	 32,
  pages =	 {105--113},
}

@InProceedings{ide03,
  author =	 {Nancy Ide and Laurent Romary and Eric de la Clergerie},
  title =	 {International {S}tandard for a {L}inguistic {A}nnotation
                  {F}ramework},
  booktitle =	 {Proc. HLT-NAACL'03 Workshop on The Software
                  Engineering and Architecture of Language Technology},
pages = {25--30},
address = {Edmunton},
  year =	 2003
}

@techreport{mate,
  author =	 {Laila Dybkj{\ae}r and Niels Ole Bernsen and Hans Dybkj{\ae}r
                  and David McKelvie and Andreas Mengel},
  title =	 {The {MATE} Markup Framework. {MATE} {D}eliverable {D}1.2},
  school =     {{N}atural {I}nteractive {S}ystems {L}aboratory, {U}niversity of {S}outhern {D}enmark},
  year =	 {1998}
}

@Book{tei94,
  editor =	 {C. M. Sperberg and Lou Bernard},
  title =	 {Guidelines for {E}lectronic {T}ext {E}ncoding and
                  {I}nterchange (TEI P3)},
  publisher =	 {Text Encoding Initiative},
  year =	 1994,
  address =	 {Chicago, Oxford}
}


@InProceedings{nite03,
  author = 	 "Carletta, Jean and Kilgour, Jonathan and O'Donnell, Timothy and Evert, Stefan and Voormann, Holger",
  title = 	 "The NITE Object Model Library for Handling Structured Linguistic Annotation on Multimodal Data Sets",
  booktitle = 	 "Proc.  EACL Workshop on Language Technology and the Semantic Web (3rd Workshop on NLP and XML, NLPXML-2003)",
  pages = {??},
  year =	 2003,
  address =	 "Budapest, Hungary",
  month =	 "April",
}



@InProceedings{baumannetal04,
  author =	 {Stefan Baumann and Caren Brinckmann and Silvia
                  Hansen-Schirra and Geert-Jan Kruijff and Ivana
                  Kruijff-Korbayov{\'a} and Stella Neumann and Elke Teich},
  title =	 {Multi-dimensional annotation of linguistic corpora for
                  investigating information structure},
  booktitle =	 {Proc.  Workshop Frontiers in Corpus Annotation
                  at HLT-NAACL 2004},
  pages = {39--46},
  year =	 2004,
  address =	 {Boston, Massachusetts}
}


@inproceedings{goetze05,
title = {Towards a Cross-Linguistic Production Data Archive: Structure and Exploration.},
author = {Michael G\"otze and Stavros Skopeteas and Torsten Roloff and Ruben Stoel},
booktitle = {TbiLLC},
editor = {Balder ten Cate and Henk Zeevat},
pages = {127-138},
publisher = {Springer},
series = {Lecture Notes in Computer Science},
url = {http://dblp.uni-trier.de/db/conf/tbillc/tbillc2005.html#GotzeSRS05},
volume = {4363},
year = {2005},
description = {dblp},
ee = {http://dx.doi.org/10.1007/978-3-540-75144-1_10}, isbn = {978-3-540-75143-4}, date = {2007-10-02},
keywords = {dblp }
}

@Article{witt05,
  author =	 {Witt, A. AND Goecke, D. AND Sasaki, F. AND L{\"u}ngen, H.},
  year =	 2005,
  title =	 {Unification of {XML} {D}ocuments with {C}oncurrent Markup.},
  journal =	 {Literary and Linguistic Computing 2005},
  volume =	 20,
  pages =	 {103-116},
}


@Manual{greene-rubin81,
author="Greene, B.B. and G.M. Rubin",
year="1981",
title="Automatic grammatical tagging of English",
address="Providence, R.I.",
organization="Department of Linguistics, Brown University"
}

@Manual{greenbaum92,
author="Greenbaum, S.",
year="1992",
title="The {ICE} tagset manual",
organization="University College London"
}



@phdthesis{eegOlofsson91,
  author =	 "Eeg-Olofsson, M.",
  year =	 "1991",
  title =	 "Word-class tagging: {S}ome computational tools",
  school =	 "Department of Linguistics and Phonetics, University of Lund,
                  Sweden"
}

@TechReport{souter89,
author="Souter, C.",
year="1989",
title="A {S}hort {H}andbook to the {P}olytechnic of {W}ales {C}orpus",
institution="ICAME, Norwegian Computing Centre for the Humanities, Bergen University, Norway"}

@Manual{santorini90,
author="Santorini, B.",year="1990", title="Part-of-speech tagging guidelines for the {P}enn {T}reebank {P}roject",
note="Technical report MS-CIS-90-47",
organization="Department of Computer and Information Science, University of Pennsylvania"}


@incollection{atwell-etal94,
  author =	 {E. Atwell and J. Hughes and C. Souter},
  year =	 {1994},
  title = {{AMALGAM}: {A}utomatic {M}apping {A}mong {L}exico-{G}rammatical
                  {A}nnotation {M}odels},
  editor =	 {J. Klavans and P. Resnik},
  booktitle =	 {{T}he {B}alancing {A}ct: {C}ombining {S}ymbolic and {S}tatistical
                  {A}pproaches to {L}anguage},
pages =	 {21--28},
  address =	 {Las Cruces},
  publisher =	 {{A}ssociation for {C}omputational {L}inguistics}
}


@book{WittData2005,
title = {Data mining: Practical machine learning tools and techniques},
address = {San Francisco},
author = {Ian H. Witten and Eibe Frank},
edition = {2nd},
publisher = {Morgan Kaufman},
year = {2005}
}


@Book{sampson95,
  author =	 {G. Sampson},
  title =	 {{{English for the {C}omputer. {T}he {SUSANNE} {C}orpus and
                  {A}nalytic {S}cheme}}},
  year =	 {1995},
  publisher =	 {Clarendon},
  address =	 {Oxford}
}


@inproceedings{gomez-perez-etal03,
  author =	 {Guadalupe Aguado de Cea and Asunci\'{o}n G\'{o}mez-P\'{e}rez
                  and Inmaculada \'{A}lvarez de Mon and Antonio Pareja-Lora},
  title =	 {OntoTag's Linguistic Ontologies: Improving Semantic Web
                  Annotations for a Better Language Understanding in Machines},
  booktitle =	 {ITCC '04: Proc.  International Conference on
                  Information Technology: Coding and Computing (ITCC'04)
                  Volume 2},
  year =	 {2004},
  isbn =	 {0-7695-2108-8},
  pages =	 {124--128},
  publisher =	 {IEEE Computer Society},
  address =	 {Washington, DC, USA},
}


@InProceedings{annotate,
  author =	 {T. Brants and O. Plaehn},
  title =	 {Interactive corpus annotation.},
  booktitle =	 {Proc.  Second International Conference on Language Resources
    and Evaluation (LREC-2000)},
  pages = {453--459},
  year =	 {2000},
  address =	 {Athens, Greece}
}

@InProceedings{palinka,
  author =	 {Orasan, C.},
  title =	 {PALinkA: a highly customisable tool for
discourse annotation.},
  booktitle =	 {Proc.  4th SIGdial Workshop on Discourse and Dialogue},
  pages = {39--43},
  year =	 {2003},
  address =	 {Sapporo, Japan}
}

@Article{tiger,
  author = 	 {Sabine Brants and Stefanie Dipper and Peter Eisenberg and Silvia Hansen and Esther K{\"o}nig and Wolfgang Lezius and Christian Rohrer and George Smith and Hans Uszkoreit},
  title = 	 {{TIGER}: Linguistic Interpretation of a {G}erman Corpus},
  journal = 	 {Research on Language and Computation},
  year = 	 2004,
  volume =	 2,
  number =	 4,
  pages =	 {597--620}
}

@InProceedings{tigeralt,
  author =	 {Dipper, S. and Brants, T. and Lezius, W. and Plaehn, O. and Smith, G.},
  title =	 {The TIGER Treebank.},
  booktitle =	 {Third Workshop on Linguistically Interpreted Corpora LINC-2001},
  year =	 {2001},
  address =	 {Leuven, Belgium}
}

 @article{pearson,
title = {{On the criterion that a given system of deviations from the probable in the case of a correlated system of variables is such that it can be reasonably supposed to have arisen from random sampling.}},
author = {Pearson, K.},
journal = {Philosophical Magazine, 50(Series 5)},
year = {1900}
}

@InProceedings{urml,
  author =	 {David Reitter and Manfred Stede},
  title =	 {Step by step: underspecified markup in incremental rhetorical analysis.},
  booktitle =	 {Proc.  4th International Workshop on Linguistically Interpreted Corpora (LINC-03), Proc. EACL 2003},
  year =	 {2003},
  address =	 {Budapest, Hungary}
}

@InProceedings{ramshaw95,
  author = 	 {L.~A. Ramshaw and M.~P. Marcus},
  title = 	 {Text Chunking using Transformation-based Learning},
  booktitle = 	 {Proc.  Third ACL Workshop on Very Large Corpora},
  OPTcrossref =  {},
  OPTkey = 	 {},
  OPTpages = 	 {82--94},
  year = 	 {1995},
  OPTeditor = 	 {},
  OPTvolume = 	 {},
  OPTnumber = 	 {},
  OPTseries = 	 {},
  address = 	 {Cambridge, USA},
  OPTmonth = 	 {},
  OPTorganization = {},
  OPTpublisher = {},
  OPTnote = 	 {},
  OPTannote = 	 {}
}


@conference{tzoukermann1997effective,
  title={{Effective Use of Natural Language Processing Techniques for Automatic Conflation of Multi-Word Terms: The Role of Derivational Morphology, Part of Speech Tagging, and Shallow Parsing}},
  author={Tzoukermann, E. and Klavans, J.L. and Jacquemin, C.},
  booktitle={20th Annual International ACM SIGIR Conference on Research and Development in Information Retrieval (SIGIR)},
  pages={148-155},
  address = {Philadelphia, Pennsylvania; USA},
  month = {July 27--31},
  year={1997},
  myorganization={Association for Computing Machinery},
  myurl=" http://reference.kfupm.edu.sa/content/e/f/effective_use_of_natural_language_proces_223118.pdf",
  annote="beschreiben integration von POS und morphologie"
}

@article{wilks1998grammar,
  title={{The grammar of sense: Using part-of-speech tags as a first step in semantic disambiguation}},
  author={Wilks, Y. and Stevenson, M.},
  journal={Natural Language Engineering},
  volume={4},
  number={2},
  pages={135--143},
  year={1998},
  mypublisher={Cambridge University Press},
  annote="anschauen, beschreibt evtl. pipeline-konzept"
}

@conference{gietz6textgrid,
  title={{TextGrid and eHumanities}},
  author={Gietz, P. and Aschenbrenner, A. and Budenbender, S. and Jannidis, F. and Küster, M.W. and Ludwig, C. and Pempe, W. and Vitt, T. and Wegstein, W. and Zielinski, A.},
  fullauthor="Peter Gietz, Andreas Aschenbrenner, Stefan Büdenbender, Fotis Jannidis, Marc Wilhelm Küster, Christoph Ludwig, Wolfgang Pempe, Thorsten Vitt, Werner Wegstein, Andrea Zielinski",
  booktitle={Proc.  Second IEEE International Conference on e-Science and Grid Computing (E-SCIENCE '06)},
  pages={133--141},
  year={2006},
  address="Amsterdam",
  myorganization={IEEE Computer Society}
}

@inproceedings{aschenbrenner-textgrid,
  title={{TextGrid. A modular platform for collaborative textual editing}},
  author={Aschenbrenner, A. and Gietz, P. and K{ü}ster, M.W. and Ludwig, C. and Neuroth, H.},
    fullauthor="Andreas Aschenbrenner, Peter Gietz, Marc Wilhelm Küster, Christoph Ludwig and Heike Neuroth",
  booktitle={Proc.  International Workshop on Digital Library
Goes e-Science (DLSci06)},
  year="2006",
  nomonth="September 21, 2006",
  address="Alicante, Spain",
  pages="27--36",
  mypublisher={Citeseer}
}

@InProceedings{crysmann2001integrated,
  author={Crysmann, B. and Frank, A. and Kiefer, B. and M{ü}ller, S. and Neumann, G. and Piskorski, J. and Schäfer, U. and Siegel, M. and Uszkoreit, H. and Xu, F. and Becker, M. and Krieger, H. },
  fullauthor    = {Berthold Crysmann  and  Anette Frank  and  Kiefer Bernd  and  Stefan Mueller  and  Guenter Neumann  and  Jakub Piskorski  and  Ulrich Schaefer  and  Melanie Siegel  and  Hans Uszkoreit  and  Feiyu Xu  and  Markus Becker  and  Hans-Ulrich Krieger},
  title={{An integrated architecture for shallow and deep processing}},
    booktitle = {Proc. 40th Annual Meeting of the Association for Computational Linguistics},
  month     = {July},
  year      = {2002},
  address   = {Philadelphia, Pennsylvania, USA},
  mypublisher = {Association for Computational Linguistics},
  pages     = {441--448},
  myurl       = {http://www.aclweb.org/anthology/P02-1056},
  mydoi       = {10.3115/1073083.1073157}
}

@conference{bikel2002design,
  title={{Design of a multi-lingual, parallel-processing statistical parsing engine}},
  author={Bikel, D.M.},
  booktitle={Proc.  second international conference on Human Language Technology Research (HLT 2002)},
  mypages={178--182 (citeseer hat andere angaben)},
  year={2002},
  myorganization={Morgan Kaufmann Publishers Inc.},
  myaddress="San Francisco, CA, USA evtl. der publisher"
}

@conference{mcmillian2008distributed,
  title={{Distributed listening: a parallel processing approach to automatic speech recognition}},
  author={McMillian, Y. and Gilbert, J.E.},
  booktitle={Proc.  46th Annual Meeting of the Association for Computational Linguistics on Human Language Technologies},
  pages={173--176},
  year={2008},
  myorganization={Association for Computational Linguistics}
}


@conference{luis2009high,
  title={{High-performance high-volume layered corpora annotation}},
  author={Luís, T. and de Matos, D.M.},
  booktitle={Proc.  Third Linguistic Annotation Workshop (LAW-III) held in conjunction with ACL-IJCNLP 2009},
  pages={99--107},
  nomonth="August",
  address="Singapore",
  year={2009},
  myorganization={Association for Computational Linguistics}
}


@conference{egner7uima,
  title={{UIMA Grid: Distributed large-scale text analysis}},
  author={Egner, M.T. and Lorch, M. and Biddle, E.},
  booktitle={Proc.  Seventh IEEE International Symposium on Cluster Computing and the Grid (CCGRID'07)},
  pages={317--326},
  year="2007"
}


@article{carl2000towards,
  title={{Towards a dynamic linkage of example-based and rule-based machine translation}},
  author={Carl, M. and Pease, C. and Iomdin, L.L. and Streiter, O.},
  journal={Machine Translation},
  volume={15},
  number={3},
  pages={223--257},
  year={2000},
  mypublisher={Springer}
}


@incollection{streiter2000learning,
  title={{Learning, forgetting and remembering: Statistical support for rule-based MT}},
  author={Streiter, O. and Iomdin, L.L. and Hong, M. and Hauck, U.},
  fullauthor="Streiter, Oliver, L. L. Iomdin, Munpyo Hong \& Ute Hauck",
  booktitle={Proc. 8th International Conference on Theoretical and Methodological Issues in Machine Translation (TMI 1999)},
  nomonth="August", year="1999", address="Chester, UK",
  year={2000}}

@conference{atwell1994amalgam,
  title={{AMALGAM: Automatic Mapping Among Lexico-Grammatical Annotation Models}},
  author={Atwell, E. and Hughes, J. and Souter, C.},
  fullauthor="Atwell, Eric and John Hughes
and Clive Souter",
  booktitle_full={Proc.  Workshop on The Balancing Act: Combining Symbolic and Statistical Approaches to Language, held in conjunction with the 32nd Annual Meeting of the ACL},
  booktitle={Proc. ACL 1994 Workshop on The Balancing Act: Combining Symbolic and Statistical Approaches to Language},
  nonomonth="July",
  address="Las Cruces, New Mexico, USA",
  pages="21--28",
  year={1994}
}


@incollection{kotsyba2008principles,
  title={{Principles of organising a common morphological tagset for PolUKR (Polish-Ukrainian Parallel Corpus)}},
  author={Kotsyba, N. and Shypnivska, O. and Turska, M.},
  editor="K{\l}opotek, M. A., Przepiórkowski, A., Wierzcho\'n, S. T., and Trojanowski, K.",
booktitle="Intelligent Information Systems", publisher="Akademicka Oficyna
Wydawnicza EXIT", address="Warsaw",
  pages={475--484},
  year={2008}
}

@incollection{dimitrovaa-comparing,
  title={{Comparing Bulgarian and Slovak Multext-East morphology tagset}},
  author={Dimitrova, L. and Garabík, R. and Majchráková, D.},
  booktitle={Organization and Development of Digital Lexical Resources},
  pages={38--46},
  year="2009",
address="Kyiv", nopublisher="Dovira Publishing House" }


@misc{rosen-morphological,
  title={{Morphological Tags in Parallel Corpora}},
  author={Rosen, A.},
howpublished="unpublished ms.",
url="http://utkl.ff.cuni.cz/~rosen/public/unitags_pap.pdf",
year="2010",
}

@conference{zeman2008reusable,
  title={{Reusable Tagset Conversion Using Tagset Drivers}},
  author={Zeman, D.},
  fullbooktitle={Proc.  6th International Conference on Language Resources and Evaluation (LREC 2008)},
  booktitle={Proc. LREC 2008},
  address="Marrakech, Morocco",
  nomonth="May",
  mypages={2--9517408},
  year={2008},
  annote="wenn das hier zitiert wird, dann immer auch auf teufel95 hinweisen, denn das ist ätzend unoriginell"
}

@conference{teufel1995,
  title={{A support tool for tagset mapping}},
  author={Teufel, S.},
  booktitle={Proc. EACL95 SIGDAT Workshop},
  year={1995}
}



@inproceedings{baskaran-etal08-indiantagset, author="Baskaran, S. and
Bali,K. and Bhattachrya, T. and Bhattachrya, P. and Jha, G. N. and Rajendran,
S. and Saravanan, K. and Sobha, L. and Subbarao,  K. V.", year="2008", Title =
{Designing a Common POS-Tagset Framework for Indian Languages}, Booktitle
= {6th Workshop on Asian Language Resources}, pages = {89-92}, address =
{Hyderabad, India} }


@conference{calzolari2002broadening,
  title={{Broadening the scope of the EAGLES/ISLE lexical standardization initiative}},
  author={Calzolari, N. and della Ricerca, A. and Moruzzi, V. and Lenci, A. and Maria, V.S. and Bertagna, F. and Zampolli, A.},
  booktitle={Proc.  3rd Workshop on Asian Language Resources and International Standardization},
  address={Taipei, Taiwan},
  pages={9--16},
  year={2002}
}

 @inproceedings{zampolli97,
        author={Zampolli, A.},
        title = {{The PAROLE Project in R}},
        booktitle = {The General Context of the European Actions for Language Resources, Proc.  Second European Seminar: Language
Applications for Multilingual Europe},
        publisher="TELRI",
        address = {Kaunas, Lithuania},
        pages = {185-210},
        year = {1997},
        editor=" R. Marcinkeviciene, N. Volz"
}

@conference{khoja2001tagset,
  title={{A tagset for the morphosyntactic tagging of Arabic}},
  author={Khoja, S. and Garside, R. and Knowles, G.},
  booktitle={Corpus Linguistics 2001 conference}, address="Lancaster",
  year={2001}
}


@phdthesis{kawata-tagsets,
  title={{Tagsets for morphosyntactic corpus annotation: The idea of a `reference tagset' for Japanese}},
  author={Kawata, Y.},
  year="2005",
  institution="University of Essex",
  address="Colchester, UK" }


@conference{ide2004registry,
  title={{A registry of standard data categories for linguistic annotation}},
  author={Ide, N. and Romary, L.},
  fullbooktitle={Proc.  Fourth Language Resources and Evaluation Conference (LREC 2004)},
  booktitle={Proc. LREC 2004},
  address="Lisboa, Portugal",
  nomonth="May",
  pages={135--39},
  year={2004},
}


@conference{kemps2008isocat,
  title={{ISOcat: Corralling data categories in the wild}},
  author={Kemps-Snijders, M. and Windhouwer, M. and Wittenburg, P. and Wright, S.E.},
  fullbooktitle={Proc.  International Conference on Language Resources and Evaluation (LREC 2008)},
  booktitle={Proc. LREC 2008},
  address="Marrakech, Morocco",
  nomonth="May",
  year={2008}
}


@inproceedings{sloetjes2008annotation,
  title={{Annotation by category: Elan and iso dcr}},
  author={Sloetjes, H. and Wittenburg, P.},
  booktitle={Proc.  International Conference on Language Resources and Evaluation (LREC 2008)},
  address=" Marrakech, Morocco", nomonth="May",
  year={2008}
}

@InProceedings{dechalendar-nouvel:2009:SETQA-NLP,
  fullauthor    = {de Chalendar, Ga\"{e}l  and  Nouvel, Damien},
    author    = {de Chalendar, G.  and  Nouvel, D.},
  title     = {Modular resource development and diagnostic evaluation framework for fast {NLP} system improvement},
  booktitle = {Proc.  Workshop on Software Engineering, Testing, and Quality Assurance for Natural Language Processing (SETQA-NLP 2009)},
  month     = {June},
  year      = {2009},
  address   = {Boulder, Colorado},
  mypublisher = {Association for Computational Linguistics},
  pages     = {65--73},
  myurl       = {http://www.aclweb.org/anthology/W09-1511}
}

@techreport{bakker1993eurotyp,
  title={{EUROTYP guidelines}},
  author={Bakker, D. and Dahl, O. and Haspelmath, M. and Koptjevskaja-Tamm, M. and Lehmann, C. and Siewierska, A.},
  year="1993",
fullauthor="Dik Bakker,Osten Dahl, Martin Haspelmath, Maria
Koptjevskaja-Tamm, Christian Lehmann, and Anna Siewierska",
institution="European Science Foundation Programme in Language Typology "
}

@conference{farrar2003markup,
  title={{Markup and the GOLD ontology}},
  author={Farrar, S. and Langendoen, D.T.},
  booktitle={EMELD Workshop on Digitizing and Annotating Text and Field Recordings},
  publisher="Michigan State University",
  nomonth="July",
  myurl="http://emeld.org/workshop/2003/proceeding03.html#papers",
  year={2003},
}



@inproceedings{bickel-nichols02, author="Bickel, B. and Nichols, J.",
year="2002", title="Autotypologizing databases and their use in fieldwork",
booktitle="Proc. LREC 2002 Workshop on Resources and Tools in
Field Linguistics", address="Las Palmas, Spain", nomonth="May" }


@inproceedings{simons2004semantics,
  fullauthor    = {Simons, Gary  and  Lewis, William  and  Farrar, Scott  and  Langendoen, Terence  and  Fitzsimons, Brian  and  Gonzalez, Hector},
  author={Simons, G.F. and Lewis, W.D. and Farrar, S.O. and Langendoen, D.T. and Fitzsimons, B. and Gonzalez, H.},
  fulltitle     = {The Semantics of Markup: {Mapping} Legacy Markup Schemas to a Common Semantics},
  title     = {The Semantics of Markup},
  fullbooktitle = {Proc.  4th Workshop on NLP and XML (NLPXML-2004)},
  booktitle = {Proc. 4th Workshop on NLP and XML (NLPXML-2004)},
  noeditor = {Graham Wilcock, Nancy Ide and Laurent Romary},
  year      = 2004,
  month     = {July},
  address   = {Barcelona, Spain},
  mypublisher = {Association for Computational Linguistics},
  pages     = {25--32}
}

@conference{saulwick2005distributed,
  title={{Distributed tasking in ontology mediated integration of typological databases for linguistic research}},
  author={Saulwick, A. and Windhouwer, M. and Dimitriadis, A. and Goedemans, R.},
  booktitle={Proc. 17th Conf. on Advanced Information Systems Engineering (CAiSE'05)},
  address="Porto",
  year={2005},
}

@misc{bickel-nichols07-autotyp-principles,
        title="The goals and principles of {AUTOTYP}",
        howpublished="\url{http://www.uni-leipzig.de/~autotyp/theory.html}",
        author="Bickel, B. and Nichols, J.",
        fullauthor="Balthasar Bickel and Johanna Nichols",
        year="2000",
        note="version of 01/12/2007"
}


@InProceedings{wilcock07,
  author    = {Wilcock, Graham},
  title     = {{An OWL ontology for HPSG}},
  booktitle = {Proc.  45th Annual Meeting of the Association for Computational Linguistics},
  month     = {June},
  year      = {2007},
  address   = {Prague, Czech Republic},
  pages     = {169--172},
}


@conference{goecke2005gold,
  title={{GOLD and discourse: Domain-and community-specific extensions}},
  author={Goecke, D. and L{ü}ngen, H. and Sasaki, F. and Witt, A. and Farrar, S.},
  booktitle={Proc.  E-MELD Workshop on Morphosyntactic Annotation and Terminology: Linguistic Ontologies and Data Categories for Language Resources},
  nomonth="July",
  address="Cambridge, Massachusetts",
  year={2005}
}


@article{cysouw2005can,
  title={{Can GOLD ``cope'' with WALS? Retrofitting an ontology onto the World Atlas of Language Structures}},
  author={Cysouw, M. and Good, J. and Albu, M. and Bibiko, H.J.},
  journal={Proc.  E-MELD Workshop on Morphosyntactic Annotation and Terminology: Linguistic Ontologies and Data Categories for Language Resources},
  year={2005},
  nomonth="July",
  address="Cambridge, Massachusetts",
}

@book{haspelmath2005world,
  title={{The World Atlas of Language Structures}},
  author={Haspelmath, M. and Dryer, M.S. and Bibiko, H.J. and Gil, D. and Comrie, B. and Hagen, J. and Schmidt, C.},
  year={2005},
  publisher={Oxford University Press, USA}
}


@conference{cimiano2003ontology,
  title={{Ontology-based semantic construction, underspecification and disambiguation}},
  author={Cimiano, P. and Reyle, U.},
  booktitle={Proc.  Lorraine/Saarland Workshop on Prospects and Recent Advances in the Syntax-Semantics Interface},
  nomonth="October",
address="Nancy, France",
  pages={33--38},
  year={2003}
}


@inproceedings{deCea-atal04, author="Aguado  de Cea, G. and Gomez-Perez,
A. and Alvarez de Mon, I. and Pareja-Lora, A.", year="2004", fulltitle="{OntoTag's
linguistic ontologies: Improving semantic web annotations for a better language
understanding in machines}",
title="{OntoTag's
linguistic ontologies}",
fullbooktitle="Proc.  International
Conference on Information Technology: Coding and Computing (ITCC'04)",
booktitle="Proc. Information Technology: Coding and Computing (ITCC'04)",
address="Washington, DC, USA" }

@conference{coppola2009frame,
  title={{Frame Detection over the Semantic Web}},
  author={Coppola, B. and Gangemi, A. and Gliozzo, A. and Picca, D. and Presutti, V.},
  booktitle={Proc.  6th European Semantic Web Conference on The Semantic Web: Research and Applications (ESCW 2009)},
  nomonth="May 31-June 04", address="Heraklion, Crete",
  year={2009},
}

@inproceedings{gangemi2003ontowordnet,
        title = {{The OntoWordNet project: Extension and axiomatization of conceptual
	relations in {W}ord{N}et}},
  author={Gangemi, A. and Navigli, R. and Velardi, P.},
        booktitle = {Proc. On the Move to Meaningful Internet Systems (OTM2003)},
        address="Catania, Italy",
        editor = {R. Meersman and Z. Tari},
        pages = {820--838},
        year = "2003"
}

	@inproceedings{scheffczyk2006linking,
  title={{Linking FrameNet to the Suggested Upper Merged Ontology}},
author    = {Jan Scheffczyk and
               Adam Pease and
               Michael Ellsworth},
  booktitle = "Proceedings of the  Fourth International Conference on Formal Ontology in Information Systems (FOIS 2006)",
  address="Baltimore, Maryland, USA", month="November",
  year={2006},
  pages     = {289-300},
}





@conference{burchardt2008formalising,
  title={{Formalising Multi-layer Corpora in OWL/DL -- Lexicon Modelling, Querying and Consistency Control}},
  author={Burchardt, A. and Pad{\'o}, S. and Spohr, D. and Frank, A. and Heid, U.},
  booktitle={Proc.  3rd International Joint Conf on NLP (IJCNLP 2008)},
nomonth="January", address="Hyderabad",
  year={2008}
}




@article{ide2004international,
  title={{International standard for a linguistic annotation framework}},
  author={Ide, N. and Romary, L.},
  journal={Natural language engineering},
  volume={10},
  number={3-4},
  pages={211--225},
  year={2004},
  mypublisher={Cambridge Univ Press}
}

@conference{wright2004global,
  title={{A global data category registry for interoperable language resources}},
  author={Wright, S.E.},
  booktitle={Proc.  Fourth Language Resources and Evaluation Conference (LREC 2004)},
  address="Lisboa, Portugal",
  nomonth="May",
  pages={123--126},
  year={2004}
}

@article{chiarcos-ontology,
  fullAUTHOR = {Christian Chiarcos},
  AUTHOR = {Chiarcos, C.},
  TITLE = {An ontology of linguistic annotations},
  JOURNAL = {LDV Forum},
  nonote="Foundations of Ontologies in Text Technology, Part II: Applications",
  YEAR = {2008},
  VOLUME = {23},
  NUMBER = {1},
  PAGES = {1-16}
}



@article{chiarcos2007ontology,
  title={{An ontology of linguistic annotation: Word classes and morphology}},
  author={Chiarcos, C.},
  journal={Proc. DIALOG},
  volume={2007},
  year={2007},
  publisher={Citeseer}
}


@article{rehm2009sustainability,
  title={{Sustainability of annotated resources in linguistics: A web-platform for exploring, querying, and distributing linguistic corpora and other resources}},
  author={Rehm, G. and Schonefeld, O. and Witt, A. and Hinrichs, E. and Reis, M.},
  journal={Literary and Linguistic Computing},
  year={2009},
  publisher={ALLC}
}


@inproceedings{rehm2owl,
  title={{An OWL-and XQuery-based mechanism for the retrieval of linguistic patterns from XML-corpora}},
  author={Rehm, G. and Eckart, R. and Chiarcos, C.},
  booktitle={Proc. RANLP 2007},
  nomonth="September", address="Borovets, Bulgaria",
  year="2007",
}

@inproceedings{buyko-etal08, author="Buyko, E. and Chiarcos, C. and
Pareja-Lora, A.", fullauthor="Buyko, Ekaterina  and Chiarcos, Christian and
Pareja-Lora, Antonio", year="2008", title="Ontology-Based Interface
Specifications for a {NLP} Pipeline Architecture",
  fullbooktitle={Proc.  International Conference on Language Resources and Evaluation (LREC 2008)},
  booktitle={Proc. LREC 2008},
  address="Marrakech, Morocco",
  nomonth="May"
}

@conference{kermes2003text,
  title={{Text analysis meets corpus linguistics}},
  author={Kermes, H. and Evert, S.},
  booktitle={Proc. Corpus Linguistics 2003},
  year={2003},
  organization={Citeseer}
}

@conference{kermes2002yac,
  title={{YAC -- A recursive chunker for unrestricted German text}},
  author={Kermes, H. and Evert, S.},
  booktitle={Proc.  Third International Conference on Language Resources and Evaluation (LREC 2002)},
  address="Las Palmas, Spain",
  nomonth="May",
  pages={1805--1812},
  year={2002},
}

@article{marcus1994building,
  title={{Building a large annotated corpus of English: The Penn Treebank}},
  author={Marcus, M.P. and Santorini, B. and Marcinkiewicz, M.A.},
  journal={Computational Linguistics},
  volume={19},
  number={2},
  pages={313--330},
  year={1994}
}

@inproceedings{connexor97, author="Tapanainen, P. and Järvinen, T.",
fullauthor="Pasi Tapanainen and Timo Järvinen", year="1997", title="A
nonprojective dependency parser", fullbooktitle="Proc.  5th
Conference on Applied Natural Language Processing",
booktitle="Proc. 5th
Conference on Applied NLP",
address="Washington,
DC", pages="64-71", nomonth="April" }

@book{sampson1995english,
  title={{English for the computer: The SUSANNE corpus and analytic scheme}},
  author={Sampson, G.},
  year={1995},
  publisher={Oxford University Press}
}


@inproceedings{mandel2006integrated,
  title={{Integrated Annotation of Biomedical Text: Creating the PennBioIE corpus}},
  author={Mandel, M.},
  booktitle={Text Mining Ontologies and Natural Language Processing in Biomedicine},
  address={Manchester, UK},
  year={2006}
}


@article{kim2003genia,
  title={{GENIA corpus-a semantically annotated corpus for bio-textmining}},
  author={Kim, J.D. and Ohta, T. and Tateisi, Y. and Tsujii, J.},
  journal={Bioinformatics},
  volume={19},
  number={1},
  pages={180--182},
  year={2003},
  mypublisher={Oxford Univ Press}
}

@techreport{schiller1999guidelines,
  title={{Guidelines für das Tagging deutscher Textcorpora mit STTS}},
  author={Schiller, A. and Teufel, S. and Thielen, C. and Stöckert, C.},
  institution={University of Stuttgart, University of Tübingen},
  year={1999}
}

@conference{brants2002developments,
  fulltitle={{Developments in the TIGER annotation scheme and their realization in the corpus}},
  title={{Developments in the TIGER annotation scheme}},
  author={Brants, S. and Hansen, S.},
    fullbooktitle={Proc.  Third International Conference on Language Resources and Evaluation (LREC 2002)},
    booktitle={Proc. LREC 2002},
  address="Las Palmas, Spain",
  nomonth="May",
  pages={1643--1649},
  year={2002},
}

@conference{zielinski2008morphisto,
  title={{Morphisto: An open-source morphological analyzer for German}},
  author={Zielinski, A. and Simon, C.},
  fullbooktitle={Proc.  Conference on Finite State Methods in Natural Language Processing (FSMNLP)},
  booktitle={Proc. Finite State Methods in NLP (FSMNLP)},
  nomonth="September",
  address="Ispra, Italy",
  year={2008}
}


@inproceedings{schmid-laws08, fullauthor={Helmut Schmid and Florian Laws},
author={Schmid, H. and Laws, F.}, title={Estimation of Conditional Probabilities
with Decision Trees and an Application to Fine-Grained POS Tagging},
fullbooktitle={Proc.  22nd International Conference on Computational
Linguistics (COLING 2008)},
booktitle={Proc. COLING 2008},
address="Manchester, UK", nomonth="August",
year="2008" }

@incollection{meyer03, author="Meyer, R.", fullauthor="Roland Meyer",
year="2003", title="{Halbautomatische morphosyntaktische Annotation
russischer Texte}", editor="Hammel, R. and L. Geist", booktitle="Linguistische
Beiträge zur Slavistik aus Deutschland und Österreich. X.
JungslavistInnen-Treffen, Berlin 2001", address="München",
publisher="Sagner", pages="92--105" }



@conference{sharoff2008designing,
  title={{Designing and evaluating Russian tagsets}},
  author={Sharoff, S. and Kopotev, M. and Erjavec, T. and Feldman, A. and Divjak, D.},
  fullbooktitle={Proc.  6th International Conference on Language Resources and Evaluation (LREC 2008)},
  booktitle={Proc. LREC 2008},
  address="Marrakech, Morocco",
  nomonth="May",
  year={2008}
}

@book{isis07, editor="Dipper, S. and Götze, M. and Skopeteas, S.",
fulleditor="Dipper, Stefanie and Götze, Michael and Skopeteas, Stavros",
year="2007", title="Information Structure in Cross-Linguistic Corpora:
{Annotation} Guidelines for Phonology, Morphology, Syntax, Semantics, and
Information Structure", series="Interdisciplinary Studies on Information
Structure (ISIS); 7",
nopublisher="Universitätsverlag Potsdam", noaddress="Potsdam, Germany" }


@article{petrova-etal09, fullauthor="Petrova, Svetlana and Chiarcos, Christian
and Ritz, Julia and Solf, Michael and Zeldes, Amir", author="Petrova, S. and
Chiarcos, C. and Ritz, J. and Solf, M. and Zeldes, A.", year="2009", title="
Building and using a richly annotated interlinear diachronic corpus: {The case
of Old High German Tatian}", journal="Traitement automatique des langues et
langues anciennes", volume="50", number="2", pages="47-71" }

@inproceedings{wagner-zeisler04, author="Wagner, A. and Zeisler, B.",
fullauthor="Wagner, Andreas and Zeisler, Bettina", year="2004", title="A
syntactically annotated corpus of {Tibetan}",
  fullbooktitle={Fourth International Conference on Language Resources and Evaluation (LREC 2004)},
  booktitle={Proc. LREC 2004},
    address="Lisboa, Portugal",
  nomonth="May"
}

@conference{skut1998linguistically,
  title={{A linguistically interpreted corpus of German newspaper text}},
  author={Skut, W. and Brants, T. and Krenn, B. and Uszkoreit, H.},
  fullbooktitle={Proc.  ESSLLI Workshop on Recent Advances in Corpus Annotation},
  booktitle={Proc. ESSLLI Workshop on Recent Advances in Corpus Annotation},
  nomonth="August", address="Saarbrücken, Germany",
  year={1998}
}


@conference{brants2002tiger,
  title={{The TIGER treebank}},
  author={Brants, S. and Dipper, S. and Hansen, S. and Lezius, W. and Smith, G.},
  booktitle={Proc.  Workshop on Treebanks and Linguistic Theories},
  nomonth="September", address="Sozopol, Bulgaria",
  pages={24--41},
  year={2002}
}


@conference{stede2004potsdam,
  title={{The Potsdam Commentary Corpus}},
  author={Stede, M.},
  booktitle={Proc.  2004 ACL Workshop on Discourse Annotation},
  address="Barcelona, Spain",
  pages={96--102},
  year={2004},
}


@conference{schmid1994probabilistic,
  title={{Probabilistic part-of-speech tagging using decision trees}},
  author={Schmid, H.},
  booktitle={Proc. International Conference on New Methods in Language Processing},
  year={1994},
  address={Manchester, UK}
}


@conference{toutanova2003feature,
  title={{Feature-rich part-of-speech tagging with a cyclic dependency network}},
  author={Toutanova, K. and Klein, D. and Manning, C.D. and Singer, Y.},
  booktitle={Proc.  2003 Conference of the North American Chapter of the Association for Computational Linguistics on Human Language Technology (HLT-NAACL 2003)},
  nomonth="May",
  address="Edmonton, Canada",
  year={2003},
  myorganization={Association for Computational Linguistics}
}


@inproceedings{klein2003accurate,
  author={Klein, D. and Manning, C.D.},
   fullauthor    = {Dan Klein  and  Christopher D. Manning},
  title     = {Accurate Unlexicalized Parsing},
  booktitle = {Proc.  41st Annual Meeting of the Association for Computational Linguistics},
  month     = {July},
  year      = {2003},
  address   = {Sapporo, Japan},
  pages     = {423--430},
}


@conference{petrov2007improved,
  title={{Improved inference for unlexicalized parsing}},
  author={Petrov, S. and Klein, D.},
  booktitle={Proc.  Conference of the North American Chapter of the Association for
Computational Linguistics on Human Language Technology (HLT-NAACL
2007)}, address="Rochester, NY", nomonth="April",
  pages={404--411},
  year={2007}
}


@InProceedings{chiarcos-ritz-stede:2009:LAW-III,
 fullauthor    = {Chiarcos, Christian  and  Ritz, Julia  and  Stede, Manfred},
  fullauthor    = {Chiarcos, C. and  Ritz, J. and  Stede, M.},
  title     = {By all these lovely tokens... {M}erging Conflicting Tokenizations},
  booktitle = {Proc.  Third Linguistic Annotation Workshop (LAW-III), held in conjunction with ACL-IJCNLP 2009},
  month     = {August},
  year      = {2009},
  address   = {Singapore},
  pages     = {35--43},
}


@conference{aguado2002pareja,
        author="Aguado de Cea, G. and de Mon-Rego, Á. I. and  Pareja-Lora, A. and Plaza-Arteche, R.",
        year="2002",
        title="OntoTag: A Semantic Web Page Linguistic Annotation Model",
  booktitle={Proc.  ECAI 2002 Workshop on Semantic Authoring, Annotation and Knowledge Markup},
  address="Lyon, France", nomonth="July"
}


@article{sirin2007pellet,
  title={{Pellet: A practical OWL/DL reasoner}},
  author={Sirin, E. and Parsia, B. and Grau, B.C. and Kalyanpur, A. and Katz, Y.},
  journal={Web Semantics: Science, Services and Agents on the World Wide Web},
  volume={5},
  number={2},
  pages={51--53},
  year={2007},
}

@InProceedings{DAVIS08.911,
  fullauthor = {Davis, Brian and Handschuh, Siegfried and Troussov, Alexander and Judge, John  and Sogrin, Mikhail },
    author = {Davis, B. and Handschuh, S. and Troussov, A.  and Judge, J. and Sogrin, M.},
  title = {Linguistically Light Lexical Extensions for Ontologies},
  booktitle = {Proc.  Sixth International Conference on Language Resources and Evaluation (LREC 2008)},
  year = {2008},
  month = {May},
  address = {Marrakech, Morocco},
  }


@InProceedings{AGUADODECEA08.345,
  fullauthor = {Aguado de Cea, Guadalupe and Puch, Javier  and Ramos, José Ángel},
    author = {Aguado de Cea, G. and Puch, J. and Ramos, J.Á.},
  title = {Tagging {Spanish} Texts: {The} Problem of ``SE''},
  booktitle = {Proc.  Sixth International Conference on Language Resources and Evaluation (LREC 2008)},
  year = {2008},
  month = {May},
  address = {Marrakech, Morocco},
  }



@article{halteren2001improving,
  title={{Improving accuracy in word class tagging through the combination of machine learning systems}},
  author={Halteren, H. and Zavrel, J. and Daelemans, W.},
  journal={Computational Linguistics},
  volume={27},
  number={2},
  pages={199--229},
  year={2001},
  mypublisher={MIT Press}
}

@inproceedings{brill1998classifier,
  title={{Classifier combination for improved lexical disambiguation}},
  author={Brill, E. and Wu, J.},
  booktitle="Proc.  36th Annual Meeting of the Association for Computational Linguistics and the 17th
International Conference on Computational Linguistics (COLING-ACL 1998)",
nomonth="August", address="Montréal, Canada",
  pages={191--195},
  year={1998},
  myorganization={ASSOCIATION FOR COMPUTATIONAL LINGUISTICS}
}

@conference{zavrel-daelemans00bootstrapping,
  fullauthor    = {Jakub Zavrel and
               Walter Daelemans},
author    = {Zavrel, J. and
               Daelemans, W.},
  title     = {Bootstrapping a Tagged Corpus through Combination of Existing
               Heterogeneous Taggers},
booktitle="Proc.  2nd International Conference on Language
Resources and Evaluation (LREC 2000)", nomonth="May, 31st -- June, 2nd",
address="Athens, Greece",
  year      = {2000},
}

@conference{borin00,
        title="Something Borrowed, Something Blue: {Rule}-Based Combination of {POS}
Taggers",
        fullauthor="Lars Borin",
        author="Borin, L.",
        year="2000",
booktitle="Proc.  2nd International Conference on Language
Resources and Evaluation (LREC 2000)", nomonth="May, 31st -- June, 2nd",
address="Athens, Greece"
}



@conference{tufis2000using,
  title={{Using a large set of EAGLES-compliant morpho-syntactic descriptors as a tagset for probabilistic tagging}},
  author={Tufi{\c{s}}, D.},
  year="2000",
booktitle="Proc.  2nd International Conference on Language
Resources and Evaluation (LREC 2000)", nomonth="May, 31st -- June, 2nd",
address="Athens, Greece",
  pages={1105--1112},
}


@inproceedings{francopoulo2006morpho,
  title={{Morpho-syntactic Profile in the ISO-TC37/SC4 Data Category Registry}},
  author={Francopoulo, G. and Monachini, M. and Declerck, T. and Romary, L.},
  booktitle={Proc. LREC 2006},
  address="Genova, Italy",
  year={2006}
}

@article{kemps2009isocat,
  title={{ISOcat: {Remodelling} metadata for language resources}},
  author={Kemps-Snijders, M. and Windhouwer, M. and Wittenburg, P. and Wright, S.E.},
  journal={International Journal of Metadata, Semantics and Ontologies},
  volume={4},
  number={4},
  pages={261--276},
  year={2009},
  publisher={Inderscience}
}

@article{knublauch2004protege,
  fulltitle={{The Prot{\'e}g{\'e} OWL plugin: An open development environment for semantic web applications}},
  title={{The Prot{\'e}g{\'e} OWL plugin}},
  author={Knublauch, H. and Fergerson, R.W. and Noy, N.F. and Musen, M.A.},
  journal={The Semantic Web--ISWC 2004},
  pages={229--243},
  year={2004},
  publisher={Springer}
}

@conference{brants2000tnt,
  title={{TnT--a statistical part-of-speech tagger}},
  author={Brants, T.},
  year={2000},
  booktitle={Proc. ANLP 2000}
}


@article{stuckardt2001design,
  title={{Design and enhanced evaluation of a robust anaphor resolution algorithm}},
  author={Stuckardt, R.},
  journal={Computational Linguistics},
  volume={27},
  number={4},
  pages={479--506},
  year={2001},
  publisher={MIT Press}
}


@techreport{teufel1996eagles,
  title={{EAGLES specifications for German morphosyntax}},
  author={Teufel, S. and Stöckert, C.},
  year={1996},
  institution={Universität Stuttgart}
}



@Article {anc,
	author = {Randi Reppen and Nancy Ide},
	title = {The {A}merican {N}ational {C}orpus: Overall Goals and the First Release},
	journal = {Journal of English Linguistics},
	year = 2004,
	volume = 32,
	pages = {105--113},
	}

@Article {Anderson:91,
	author = "Anne H. Anderson and Miles Bader and Ellen~G. Bard and Elizabeth Boyle and Gwyneth Doherty and Simon Carrod and Stephen Isard and Jacqlene Kowtko and Jan McAllister and Jim Miller and Catherine Sotillo and Henry Thompson and Regina Weinert",
	title = "The {HCRC} {M}ap {T}ask {C}orpus",
	journal = "Language and Speech",
	volume = "34",
	pages = "351--366",
	year = "1991",
	}

@InProceedings {annotate,
	author = {T. Brants and O. Plaehn},
	title = {Interactive Corpus Annotation},
	booktitle = {Proc.  Second International Conference on Language Resources and Evaluation (LREC-2000)},
	pages = {453--459},
	year = {2000},
	address = {Athens, Greece}
	}

@misc {arnold05,
	author="Arnold, Jennifer",
	year="2005",
	title="Marking Salience: The similarity of topic and focus",
	howpublished="unpublished manuscript",
	publisher="Stanford University",
	url="http://www.unc.edu/~jarnold/papers/top.foc.html (2008/12/01)",
	month="Oct 18th",
	file="arnold05-top-foc.html"
	}

@Techreport {Artstein:05,
	author = "Ron Artstein and Massimo Poesio",
	title = "Kappa$^3$ = {A}lpha (or {B}eta)",
	institution = "Department of Computer Science, University of Essex, UK",
	year = "2005",
	type = "CSM",
	number = "437",
	}

@InProceedings {atlas02,
	author = {Christophe Laprun and Jonathan G. Fiscus and John Garofolo and Sylvain Pajot},
	title = {A practical introduction to {ATLAS}},
	booktitle = {Proc. LREC 2002},
	year = 2002,
	address = {Las Palmas, Spain}
	}

@incollection {atwell-etal94,
	author = {Eric Atwell and John Hughes and Clive Souter},
	year = {1994},
	title = { {AMALGAM}: {A}utomatic {M}apping {A}mong {L}exico- {G}rammatical {A}nnotation {M}odels},
	editor = {J. Klavans and P. Resnik},
	booktitle = { {T}he {B}alancing {A}ct: {C}ombining {S}ymbolic and {S}tatistical {A}pproaches to {L}anguage},
	pages = {21--28},
	address = {Las Cruces, NM, USA},
	publisher = { {A}ssociation for {C}omputational {L}inguistics}
	}

@Article {barnard95,
	author = {David Barnard and Lou Burnard and Jean-Pierre Gaspart and Lynne~A. Price and C.~M. Sperberg-McQueen and Giovanni~Batista Varile},
	title = {Hierarchical Encoding of Text: Technical Problems and {SGML} Solutions},
	journal = {Text Encoding Initiative: Background and Context. Special Issue of Computers and the Humanities},
	year = 1995,
	volume = 29,
	number = {211--231}
	}

@InProceedings {baumannetal04,
	author = {Stefan Baumann and Caren Brinckmann and Silvia Hansen-Schirra and Geert-Jan Kruijff and Ivana Kruijff-Korbayov {\'a} and Stella Neumann and Elke Teich},
	title = {Multi-dimensional annotation of linguistic corpora for investigating information structure},
	booktitle = {Proc.  Workshop Frontiers in Corpus Annotation at HLT-NAACL 2004},
	pages = {39--46},
	year = 2004,
	address = {Boston, MA, USA}
	}

@Article {bird01,
	author = {Steven Bird and Mark Liberman},
	title = {A formal framework for linguistic annotation},
	journal = {Speech Communication},
	year = 2001,
	volume = 33,
	number = {1-2},
	pages = {23--60}
	}

@incollection {c33:annis,
	author = {Stefanie Dipper and Michael G\" {o}tze and Manfred Stede and Tillmann Wegst},
	title = {{ANNIS}: A linguistic database for exploring information structure},
	booktitle = {Interdisciplinary Studies on Information Structure},
	series = {ISIS Working papers of the SFB 632 (1)},
	year = {2004},
	pages = {245-279},
	publisher = {Universit{\"a}tsverlag Potsdam},
	standort = {Archiv}
	}

@InProceedings {c33:annotate,
	author = {Thorsten Brants and Oliver Plaehn},
	title = {Interactive corpus annotation.},
	booktitle = {Proc.  Second International Conference on Language Resources and Evaluation (LREC-2000)},
	pages = {453--459},
	year = {2000},
	address = {Athens, Greece}
	}

%InProceedings {c33:bitpar,
%	author = {Helmut Schmid},
%	title = {Efficient Parsing of Highly Ambiguous Context-Free Grammars with Bit Vectors},
%	booktitle = {Proc. COLING},
%	year = {2004},
%	address = {Geneva, Switzerland},
%}

@Article {c33:BrantsEtAl04,
	author = {Sabine Brants and Stefanie Dipper and Peter Eisenberg and Silvia Hansen and Esther K{\"o}nig and Wolfgang Lezius and Christian Rohrer and George Smith and Hans Uszkoreit},
	title = { {TIGER}: Linguistic Interpretation of a {G}erman Corpus},
	journal = {Research on Language and Computation},
	year = 2004,
	volume = 2,
	number = 4,
	pages = {597--620}
	}

@InProceedings {c33:conano,
	author = {Manfred Stede and Silvan Heintze},
	title = {Machine-assisted rhetorical structure annotation},
	booktitle = {Proc.  20th International Conference on Computational Linguistics (COLING)},
	year = {2004},
	address = {Geneva, Switzerland}
	}

@book {c33:Dipper07,
	editor = {Stefanie Dipper and Michael G {\"o}tze and Stavros Skopeteas},
	title = { {Information Structure in Cross-Linguistic Corpora: Annotation Guidelines for Phonology, Morphology, Syntax, Semantics, and Information Structure}},
	booktitle = {Interdisciplinary Studies on Information Structure},
	series = {ISIS Working papers of the SFB 632 (7)},
	year = {2007},
	nopublisher = {Universit{\"a}tsverlag Potsdam},
	standort = {Archiv}
	}

@incollection {c33:Grabski00,
	author = {Michael Grabski},
	title = {Satztopik und {D}iskurstopik in {E}laboration- {K}ontexten},
	booktitle = {ZAS Papers in Linguistics, Vol. 20},
	publisher = {Zentrum f\"ur Allgemeine Sprachwissenschaft},
	address = {Berlin},
	editor = {Ewald Lang and M. Rochon and K. Schwabe and O. Teuber},
	year = {2000}
	}


@inproceedings {c33:MUC,
	author = {Massimo Poesio},
	title = {The {M} {A} {T} {E}/ {G} {N} {O} {M} {E} proposals for anaphoric annotation, revisited},
	booktitle = {Proc.  SIGDIAL '04 Workshop},
	year = {2004},
	address = {Cambridge/MA},
	}

@InProceedings {c33:palinka,
	author = {Constantin Orasan},
	title = {PALinkA: a highly customisable tool for discourse annotation.},
	booktitle = {Proc.  4th SIGdial Workshop on Discourse and Dialogue},
	pages = {39--43},
	year = {2003},
	address = {Sapporo, Japan}
	}

@inproceedings {c33:paula,
	author = {Stefanie Dipper},
	title = {X {M} {L}-based Stand-off Representation and Exploitation of Multi-Level Linguistic Annotation},
	booktitle = {Proc. Berliner XML Tage},
	editor = {Rainer Eckstein and Robert Tolksdorf},
	year = {2005},
	pages = {39-50},
	standort = {Archiv}
	}

@InProceedings {c33:pocos,
	author = {Christian Chiarcos and Olga Krasavina},
	title = { {PoCoS} - {P}otsdam {C}oreference {S}cheme},
	booktitle = {Proc.  Linguistic Annotation Workshop (LAW)},
	pages = {156--163},
	year = {2007},
	address = {Prague, Czech Republic}
	}

@InProceedings {c33:salto,
	author = {Aljoscha Burchardt and Katrin Erk and Anette Frank and Andrea Kowalski and Sebastian Pado},
	title = { {SALTO}: A versatile multi-level annotation tool},
	booktitle = {Proc. LREC 2006},
	address = {Genoa, Italy},
	year = 2006,
	}

@Misc {c33:schiller-etal99,
	author = {Anne Schiller and Simone Teufel and Christine St {\"o}ckert and Christine Thielen},
	title = {Guidelines f {\"u}r das {T}agging deutscher {T}extcorpora mit {STTS} (Kleines und gro {\ss}es {T}agset)},
	year = {1999},
	note = {Technical report, University of Stuttgart and University of T {\"u}bingen}} \url {http://www.ims.uni-stuttgart.de/projekte/corplex/TagSets/stts-1999.pdf}}
	}

@InCollection {c33:Schmidt04,
	author = {Thomas Schmidt},
	title = { {EXMARaLDA} -- ein {S}ystem zur computergest {\"u}tzten {D}iskurstranskription},
	booktitle = {Automatische Textanalyse. Systeme und Methoden zur Annotation und Analyse nat {\"u}rlichsprachlicher Texte},
	pages = {203--218},
	publisher = {Verlag f {\"u}r Sozialwissenschaften},
	year = 2004,
	editor = {A. Mehler and H. Lobin},
	address = {Wiesbaden}
	}

@InProceedings {c33:serengeti,
	author = {Maik St\"uhrenberg and Daniela Goecke and Nils Diewald and Irene Cramer and Alexander Mehler},
	title = {Web-based Annotation of Anaphoric Relations and Lexical Chains},
	booktitle = { {P}roceedings of the {L}inguistic {A}nnotation {W}orkshop ( {LAW})},
	year = {2007},
	address = {Prague, Czech Republic}
	}

@InProceedings {c33:Stede04,
	author = {Manfred Stede},
	title = {The {P}otsdam {C}ommentary {C}orpus},
	booktitle = {Proc.  ACL Workshop on Discourse Annotation},
	year = 2004,
	address = {Barcelona, Spain},
	pages = {96--102},
	}

@inproceedings {c33:tigerformat,
	author = {Esther K\"onig and Wolfgang Lezius},
	title = {A description language for syntactically annotated corpora},
	year = {2000},
	booktitle = {Proc.  18th International Conference on Computational Linguistics ( {COLING} 2000)},
	pages = {1056-1060},
	address = {Saarbr\"ucken, Germany}
	}

%InProceedings {c33:tracepar,
%	author = {Helmut Schmid},
%	title = {Trace Prediction and Recovery With Unlexicalized PCFGs and Slash Features},
%	booktitle = {Proc.  COLING-ACL 2006},
%	year = {2006},
%	address = {Sydney, Australia}
%	}

@InProceedings {c33:treetagger,
	author = {Helmut Schmid},
	title = {Probabilistic Part-of-Speech Tagging Using Decision Trees},
	booktitle = {Proc. International Conference on New Methods in Language Processing},
	pages = {172--176},
	year = {1994},
	address = {Manchester, UK}
	}

@Article {c33:Wolf-Gibson,
	author = {Florian Wolf and Edward Gibson},
	title = {Representing discourse coherence: A corpus-based ana\-ly\-sis},
	journal = {Computational Linguistics},
	year = {2005},
	volume = 31,
	pages = {249--287}
	}

@Article {Carletta:96,
	author = "Jean Carletta",
	title = "Assessing {A}greement on {C}lassification {T}asks: {T}he {K}appa {S}tatistic",
	journal = "Computational Linguistics",
	volume = "22",
	number = "2",
	pages = "249--254",
	year = "1996",
	}

@InProceedings {cassidy:02,
	author = {Steve Cassidy},
	title = { {XQuery} as an Annotation Query Language: a Use Case Analysis},
	booktitle = {Proc. LREC 2002},
	pages = {807--814},
	year = {2002},
	address = {Las Palmas, Spain},
	month = {May},
}
@InProceedings {cassidy:03,
	author = {Steve Cassidy},
	title = {Generalising {XPath} for Directed Graphs},
	booktitle = {Proc. Extreme Markup Languages 2003},
	year = {2003},
	address = {Montreal, Canada},
	month = {August},
}
@article {chiarcos-toappear,
	author="Christian Chiarcos",
	journal="GLDV-Journal for Computational Linguistics and Language Technology",
	year="to appear",
	title="An ontology of linguistic annotations"
	}

@inproceedings {chiarcos06,
	author="Christian Chiarcos",
	year="2006",
	title = "An Ontology for Heterogeneous Data Collections",
	booktitle="Proc. of the Int. Conference `Corpus Linguistics 2006', St.~Petersburg",
	publisher="St.~Petersburg University Press",
	pages="373--380"
	}

@Article {Cohen:60,
	author = "Jacob Cohen",
	title = "A coefficient of agreement for nominal scales",
	journal = "Educational and Psychological Measurement",
	volume = "20",
	pages = "37--46",
	year = "1960",
	}

@InProceedings {dipper04,
	address = {Lisbon, Portugal},
	author = {Stefanie Dipper and Lukas Faulstich and Ulf Leser and Anke L\"udeling},
	booktitle = {Workshop on {XML}-based richly annotated corpora}, citeulike-article-id = {790004},
	keywords = {bibtex-import, test},
	month = {May},
	pdf = {DDD/dipper\_etal\_XBRAC04.pdf},
	title = {Challenges in Modelling a Richly Annotated Diachronic Corpus of German},
	pages = {21-29},
	url = {http://www.informatik.hu-berlin.de/Forschung\_Lehre/wbi/publications/2004/xbrac04\_final.pdf},
	year = {2004}
	}

@InProceedings {dipper07,
	author = {Stefanie Dipper and Michael G {\"o}tze and Uwe K {\"u}ssner and Manfred Stede},
	title = {Representing and Querying Standoff XML},
	booktitle = {Proc.  GLDV-Fr {\"u}hjahrstagung},
	year = {2007},
	address = {T {\"u}bingen, Germany},
}
@Book {Dipper:07,
	editor = {Stefanie Dipper and Michael G\"otze and Stavros Skopeteas},
	title = {Information Structure in Cross-Linguistic Corpora: Annotation Guidelines for Phonology, Morphology, Syntax, Semantics, and Information Structure},
	nopublisher = {Universit\"atsverlag Potsdam},
	year = {2007},
	volume = {7},
	series = {Interdisciplinary Studies on Information Structure (ISIS)},
	address = {Potsdam, Germany},}

@Article {Eckert:01,
	author = "Miriam Eckert and Michael Strube",
	title = { {Dialogue Acts, Synchronising Units and Anaphora Resolution}},
	journal = "Journal of Semantics",
	volume = "17",
	number = "1",
	pages = "51--89",
	year = "2001"
	}

@Article {EDI-INF-RR-0702,
	author = {Jean Carletta and Stefan Evert and Ulrich Heid and Jonathan Kilgour },
	title = {The {NITE XML} {T}oolkit: data model and query},
	journal = {Language Resources and Evaluation Journal (LREJ)},
	nopublisher = {Springer},
	volume = 39,
	number = 4,
	year = 2005,
	pages = {313--334}
	}

@phdthesis {eegOlofsson91,
	author = "Mats Eeg-Olofsson",
	year = "1991",
	title = "Word-class tagging: {S}ome computational tools",
	school = "Department of Linguistics and Phonetics, University of Lund, Sweden"
	}


@InProceedings {ext_xpath:05,
	author = {Steven Bird and Yi Chen and Susan Davidson and Haejoong Lee and Yifeng Zheng},
	title = {Extending {XPath} to Support Linguistic Queries},
	booktitle = {Proc. Programming Language Technologies for XML (PLANX)},
	pages = {35--46},
	year = {2005},
	address = {Long Beach, California},
	month = {January},
}

@Article {farrar2003linguistic,
	author = {S. Farrar and D.~T. Langendoen},
	title = { {A Linguistic Ontology for the Semantic Web}},
	journal = {GLOT International},
	year = {2003},
	volume = {7},
	pages = {97--100}
	}

@TechReport {faulstich05,
	author = {Lukas~C. Faulstich and Ulf Leser and Anke {L\"udeling}},
	title = { {Storing and Querying Historical Texts in a Database}},
	institution = {Institut f\"ur Informatik der Humboldt-Universit\"at zu Berlin},
	year = {2005},
	number = {176},
	month = {January},
}

@InProceedings {faulstich06,
	author = {Lukas Faulstich and Ulf Leser and Thorsten Vitt},
	title = {Implementing a Linguistic Query Language for Historic Texts},
	booktitle = {Proc.  International Workshop on Query Languages and Query Processing},
	pages = {601--612},
	year = {2006},
	address = {M\"unchen, Germany},
}
@InProceedings {gate02,
	author = {Hamish Cunningham and Diana Maynard and Kalina Bontcheva and Valentin Tablan},
	title = { {GATE: A framework and graphical development environment for robust NLP tools and applications}},
	booktitle = {Proc.  40th Anniversary Meeting of the Association for Computational Linguistics},
	address = {Philadelphia, PA, USA},
	pages = {168--175},
	year = 2002
	}

@InProceedings {georgiadis07,
	author = {Haris Georgiadis and Vasilis Vassalos},
	title = { {XPath} on steroids: exploiting relational engines for {XPath} performance},
	booktitle = { {SIGMOD '07: Proc.  2007 ACM SIGMOD International Conference on Management of Data}},
	year = {2007},
	isbn = {978-1-59593-686-8},
	pages = {317--328},
	location = {Beijing, China},
	publisher = {ACM},
	address = {New York, NY, USA},
	}

@InProceedings {goetze05,
	title = {Towards a Cross-Linguistic Production Data Archive: Structure and Exploration},
	author = {Michael G\"otze and Stavros Skopeteas and Torsten Roloff and Ruben Stoel},
	booktitle = {TbiLLC},
	editor = {Balder ten Cate and Henk Zeevat},
	pages = {127--138},
	publisher = {Springer},
	series = {Lecture Notes in Computer Science},
	url = {http://dblp.uni-trier.de/db/conf/tbillc/tbillc2005.html#GotzeSRS05},
	volume = {4363},
	year = {2005},
	description = {dblp},
	ee = {http://dx.doi.org/10.1007/978-3-540-75144-1_10},
	isbn = {978-3-540-75143-4},
	date = {2007-10-02},
	keywords = {dblp }
	}

@InProceedings {gomez-perez-etal03,
	author = {Guadalupe Aguado~de~Cea and Asunci\' {o}n G\' {o}mez-P\' {e}rez and Inmaculada \' {A}lvarez~de~Mon and Antonio Pareja-Lora},
	title = {OntoTag's Linguistic Ontologies: Improving Semantic Web Annotations for a Better Language Understanding in Machines},
	booktitle = {ITCC '04: Proc.  International Conference on Information Technology: Coding and Computing (ITCC'04) Volume 2},
	year = {2004},
	isbn = {0-7695-2108-8},
	pages = {124--128},
	publisher = {IEEE Computer Society},
	address = {Washington, DC, USA},
	}

@InProceedings {ide-suderman07-graf,
	author = {Nancy Ide and Keith Suderman},
	title = {{GrAF}: {A} Graph-based Format for Linguistic Annotations},
	booktitle = {Proc. Linguistic Annotation Workshop (LAW 2007)},
	pages = {1--8},
	year = 2007,
	address = {Prague, Czech Republic}
	}

@Manual {greenbaum92,
	author="Sidney Greenbaum",
	year="1992",
	title="The {ICE} tagset manual",
	organization="University College London"
	}

@Manual {greene-rubin81,
	author="Barbara~B. Greene and Gerald~M. Rubin",
	year="1981",
	title="Automatic grammatical tagging of English",
	address="Providence, RI, USA",
	organization="Department of Linguistics, Brown University"
	}

@TechReport {Guidelines,
	author = {Stefanie Dipper and Michael G {\"o}tze and Stavros Skopeteas and (eds.)},
	title = { {Information Structure in Cross-Linguistic Corpora: Annotation Guidelines for Phonology, Morphology, Syntax, Semantics, and Information Structure}},
	institution = {University of Potsdam},
	year = "2007"
	}

@Article {Gundel:93,
	author = "Jeanette~K. Gundel and Nancy Hedberg and Ron Zacharski",
	title = "Cognitive status and the form of referring expressions in discourse",
	journal = "Language",
	volume = "69",
	number = "2",
	pages = "279--307",
	year = "1993",
	}

@Techreport {Hajicova:00,
	author = "Eva Haji\u{c}ov{\'a} and Jarmila Panevov{\'a} and Petr Sgall and Alena B{\"o}hmov{\'a} and Mark{\'e}ta Ceplov{\'a} and Veronika \u{R}ezn{\'i}\u{c}kov{\'a}",
	title = "A {M}anual for {T}ectogrammatical {T}agging of the {P}rague {D}ependency {T}reebank",
	institution = "{\'U}FAL/CKL",
	address = "Prague, Czech Republic",
	year = "2000",
	type = "TR",
	number = "2000-09",
	}

@InProceedings {Hedberg:07,
	author = {Nancy Hedberg and Jeanette~K. Gundel and Ron Zacharski},
	title = { {Directly and Indirectly Anaphoric Demonstrative and Personal Pronouns in Newspaper Articles}},
	booktitle = {Proc. DAARC 2007 (the Sixth Discourse Anaphora and Anaphora Resolution Colloquium)},
	pages = {31--36},
	year = {2007},
	address = {Lagos, Portugal},
}
@InProceedings {Hempelmann:05,
	author = {Christian~F. Hempelmann and David Dufty and Philip~M. McCarthy and Arthur~C. Graesser and Zhiqiang Cai and Danielle~S. McNamara},
	title = {Using {LSA} to automatically identify givenness and newness of noun-phrases in written discourse},
	booktitle = {Proc.  27th Annual Meetings of the Cognitive Science Society},
	pages = {941--949},
	year = {2005},
	editor = {B. Bara},
	address = {Stresa, Italy},
	publisher = {Mahwah, NJ: Erlbaum},
}
@InProceedings {ide03,
	author = {Nancy Ide and Laurent Romary and Eric de~la~Clergerie},
	title = {International {S}tandard for a {L}inguistic {A}nnotation {F}ramework},
	booktitle = {Proc. HLT-NAACL'03 Workshop on the Software Engineering and Architecture of Language Technology},
	pages = {25--30},
	address = {Edmonton, Canada},
	year = 2003
	}

@InProceedings {ide04,
	author = {Nancy Ide and Laurent Romary},
	title = {A Registry of Standard Data Categories for Linguistic Annotation},
	booktitle = {Proc.  Fourth International Language Resources and Evaluation Conference (LREC)},
	pages = {135--139},
	year = 2004,
	address = {Lisbon, Portugal}
	}

@article {kaiser06,
	author="Kaiser, Elsi",
	title="Effects of Topic and Focus on Salience",
	year="2006",
	journal="ZAS Papers in Linguistics (ZASPIL)",
	volume="44",
	number="6",
	note="(= Christian Ebert and Cornelia Endriss (eds.), Proc.  Sinn und Bedeutung 10)", wwwinternal_url="http://www.zas.gwz-berlin.de/index.html?publications\_zaspil",
	file="Kaiser06-effects of topic-and focus on salience-zaspil.pdf"
	}

@Manual {Komagata:01,
	author = "Nobo Komagata",
	title = "An {E}valuation {M}ethod for {I}dentifying {I}nformation {S}tructure",
	organization = "Department of Computer and Information Science, University of Pennsylvania",
	year = "2001",
	note = "Manuscript",
	}

@Book {Krippendorff:80,
	title = "Content ana\-ly\-sis. {A}n introduction to its methodology",
	author = "Klaus Krippendorff",
	publisher = "Beverly Hills: Sage",
	year = "1980",
	}

@InCollection {luedeling:08,
	author = {Anke L\"udeling},
	title = {Mehrdeutigkeiten und Kategorisierung. Probleme bei der Annotation von Lerner\-korpora},
	booktitle = {Fortgeschrittene Lernervariet\"aten},
	pages = {119--140},
	publisher = {Niemeyer},
	address = {T\"ubingen},
	year = 2008,
	editor = {Maik Walter and Patrick Grommes}
	}

@techreport {mate,
	author = {Laila Dybkj {\ae}r and Niels~Ole Bernsen and Hans Dybkj {\ae}r and David McKelvie and Andreas Mengel},
	title = {The {MATE} Markup Framework. {MATE} {D}eliverable {D}1.2},
	school = { {N}atural {I}nteractive {S}ystems {L}aboratory},
	institution = { {U}niversity of {S}outhern {D}enmark},
	year = {1998}
	}

@InProceedings {merge05,
	author = {James Pustejovsky and Adam Meyers and Martha Palmer and Massimo Poesio},
	title = {Merging {PropBank}, {NomBank}, {TimeBank}, {Penn Discourse Treebank} and {Coreference}},
	booktitle = {Proc. ACL Workshop on Frontiers in Corpus Annotation 2005},
	year = {2005},
	address = {Ann Arbor, MI, USA},
	note = {http://nlp.cs.nyu.edu/meyers/frontiers/2005.html},
}

@InCollection {MMAX2,
	author = {Christoph M\"uller and Michael Strube},
	title = {Multi-level annotation of linguistic data with MMAX2},
	booktitle = {Corpus Technology and Language Pedagogy: New Resources, New Tools, New Methods},
	publisher = {Peter Lang},
	year = {2006},
	editor = {Sabine Braun and Kurt Kohn and Joybrato Mukherjee},
	address = {Frankfurt, Germany}
	}

@InCollection {moisl:toapp,
	author = {Hermann Moisl},
	title = {Exploratory multivariate ana\-ly\-sis},
	booktitle = {Corpus Linguistics. An International Handbook},
	publisher = {Mouton de Gruyter},
	year = {to appear},
	editor = {Anke L\"udeling and Merja Kyt\"o},
	address = {Berlin, Germany}
	}

@incollection {mueller-strube06,
	author="Müller, Christoph and Strube, Michael",
	year="2006",
	title="Multi-level annotation of linguistic data with MMAX2",
	editor="Braun, Sabine and Kohn, Kurt and Mukherjee, Joybrato ",
	booktitle="Corpus Technology and Language Pedagogy: New Resources, New Tools, New Methods",
	publisher="Peter Lang",
	address="Frankfurt a.M., Germany"
	}

@INPROCEEDINGS {navaretta02,
	AUTHOR = "Navaretta, Costanza",
	TITLE = "Combining information structure and centering-based models of salience for resolving intersentential pronominal anaphora",
	BOOKTITLE = "Proc. DAARC 2002 - 4h Discourse Anaphora and Anaphora Resolution Colloquium",
	YEAR = "2002",
	editor = "Branco, Antonio and McEnery, Tony and Mitkov, Ruslan",
	pages = "135-140",
	address = "Lisbon",
	month = "September 18-29",
	publisher = "Ediçoes Colibri"
	}

@InProceedings {Navarretta:04,
	author = {Costanza Navarretta},
	title = {An Algorithm for Resolving Individual and Abstract Anaphora in Danish Texts and Dialogues},
	booktitle = {Proc.  Workshop on Reference Resolution and its Applications: ACL 2004},
	year = {2004},
	address = {Barcelona, Spain},
	publisher = {Association for Computational Linguistics},
	pages = {95--102}
	}

@InProceedings {Nenkova:05,
	author = {Nenkova, Ani and Siddharthan, Advaith and McKeown, Kathleen},
	title = {Automatically Learning Cognitive Status for Multi-Document Summarization of Newswire},
	booktitle = {Proc. Human Language Technology Conference and Conference on Empirical Methods in Natural Language Processing},
	year = {2005},
	address = {Vancouver, British Columbia, Canada},
	publisher = {Association for Computational Linguistics},
	pages = {241--248},
	url = {http://www.aclweb.org/anthology/H/H05/H05-1031}
	}

@InProceedings {Nissim:04,
	author = {Malvina Nissim and Shipra Dingare and Jean Carletta and Mark Steedman},
	title = {An {A}nnotation {S}cheme for {I}nformation {S}tatus in {D}ialogue},
	booktitle = {Proc.  4th Language Resources and Evaluation Conference (LREC 2004)},
	pages = {1023--1026},
	year = {2004},
	address = {Lisbon, Portugal},
}
@InProceedings {Nissim:06,
	author = {Malvina Nissim},
	title = {Learning {I}nformation {S}tatus of {D}iscourse {E}ntities},
	booktitle = {Proc.  2006 Conference on Emprical Methods in Natural Language Processing (EMNLP 2006)},
	pages = {94--102},
	year = {2006},
	address = {Sydney, Australia},
}
@InProceedings {nite03,
	author = "Jean Carletta and Jonathan Kilgour and Timothy O'Donnell and Stefan Evert and Holger Voormann",
	title = "The NITE Object Model Library for Handling Structured Linguistic Annotation on Multimodal Data Sets",
	booktitle = "Proc.  EACL Workshop on Language Technology and the Semantic Web (3rd Workshop on NLP and XML, NLPXML-2003)",
	year = 2003,
	address = "Budapest, Hungary",
	month = "April",
	}

@article {nxt03,
	title = { {The NITE XML Toolkit: flexible annotation for multi-modal language data}},
	author = {Jean Carletta and Stefan Evert and Ulrich Heid and Jonathan Kilgour and Judy Robertson and Holger Voormann},
	journal = {Behavior Research Methods, Instruments, and Computers},
	number = {3},
	volume = {35},
	pages = {353--363},
	year = {2003}
	}

@InProceedings {Paggio:06,
	author = {Patrizia Paggio},
	title = {Annotating {I}nformation {S}tructure in a {C}orpus of {S}poken {D}anish},
	booktitle = {Proc.  5th International Conference on Language Resources and Evaluation (LREC 2006)},
	pages = {1606-1609},
	year = {2006},
	address = {Genova, Italy},
}
@InProceedings {palinka,
	author = {C. Orasan},
	title = {PALinkA: a highly customisable tool for discourse annotation},
	booktitle = {Proc.  4th SIGdial Workshop on Discourse and Dialogue},
	pages = {39--43},
	year = {2003},
	address = {Sapporo, Japan}
	}

@article {pearson,
	title = { {On the criterion that a given system of deviations from the probable in the case of a correlated system of variables is such that it can be reasonably supposed to have arisen from random sampling}},
	author = {K. Pearson},
	journal = {Philosophical Magazine, 50(Series 5)},
	year = {1900}
	}

@Article {PennTreebank93,
	author = {Mitchell Marcus and Beatrice Santorini and Mary~Ann Marcinkiewicz},
	title = {Building a large annotated corpus of {E}nglish: the {P}enn {T}reebank},
	journal = {Computational Linguistics},
	year = 1993,
	volume = 19,
	number = {2},
	pages = {313--330}
	}

@Article {Poesio:98,
	author = "Massimo Poesio and Renata Vieira",
	title = "A {C}orpus-based {I}nvestigation of {D}efinite {D}escription {U}se",
	journal = "Computational Linguistics",
	volume = "24",
	number = "2",
	pages = "183--216",
	year = "1998",
	}

@Article {Polanyi:03,
	author = "Livia Polanyi and Martin van den Berg and David Ahn",
	title = "Discourse {S}tructure and {S}entential {I}nformation {S}tructure. {A}n {I}nitial {P}roposal",
	journal = "Journal of Logic, Language and Information",
	volume = "12",
	number = "3",
	pages = "337--350",
	publisher = "Kluwer Academic Publishers, Hingham, MA, USA",
	year = "2003",
	}

@InProceedings {Postolache:05,
	author = {Oana Postolache and Ivana Kruijff-Korbayov {\'a} and Geert-Jan Kruijff},
	title = {Data-driven {A}pproaches for {I}nformation {S}tructure {I}dentification},
	booktitle = {Proc. HLT/EMNLP},
	pages = {9--16},
	year = {2005},
	address = {Vancouver, Canada},
}
@Article {Prince:81,
	author = "Ellen~F. Prince",
	title = "Toward a {T}axonomy of {G}iven- {N}ew {I}nformation",
	editor = "Peter Cole",
	journal = "Radical Pragmatics",
	publisher = "New York: Academic Press",
	pages = "223--55",
	year = "1981",
	}

@InProceedings {ramshaw95,
	author = {L.~A. Ramshaw and M.~P. Marcus},
	title = {Text Chunking using Transformation-based Learning},
	booktitle = {Proc.  Third ACL Workshop on Very Large Corpora},
	pages = {82--94},
	year = {1995},
	address = {Cambridge, MA, USA},
}
@nProceedings{reitter03,
	author = {David Reitter and Manfred Stede},
	title = {Step by step: underspecified markup in incremental rhetorical ana\-ly\-sis},
	booktitle = { {Proc. of the 4th International Workshop on Linguistically Interpreted Corpora (LINC-03)}},
	address = {Budapest, Hungary},
	pages = {77-84},
	year = {2003}
	}

@Manual {Riester:08a,
	author = "Arndt Riester and Lorena Killmann and David Lorenz and Melanie Portz",
	title = "Richtlinien zur {A}nnotation von {G}egebenheit und {K}ontrast in {P}rojekt {A}1 {SFB} 732 (draft version as of March 2008)",
	organization = "University of Stuttgart, Germany",
	year = "2008",
	note = "Manuscript",
	}

@InProceedings {Riester:08b,
	author = {Arndt Riester},
	title = {A Semantic Explication of \emph {Information Status} and the Underspecification of the Recipients' Knowledge},
	booktitle = {Proc. Sinn und Bedeutung 12},
	year = 2008,
	editor = {A. Gronn},
	address = {Oslo}
	}

@InProceedings {rsttool,
	author = {Michael O'Donnell},
	title = {RSTTool 2.4 -- A Markup Tool for {Rhetorical Structure Theory}},
	booktitle = {Proc.  International Natural Language Generation Conference (INLG'2000)},
	pages = {253--256},
	year = 2000,
	address = {Mitzpe Ramon, Israel}
	}

@InProceedings {Salmon-Alt:02,
	author = {Susanne Salmon-Alt and Renata Vieira},
	title = {Nominal {E}xpressions in {M}ultilingual {C}orpora},
	booktitle = {Proc.  3rd International Conference on Language Resources and Evaluation (LREC 2002)},
	pages = {1627--1634},
	year = {2002},
	address = {Las Palmas, Canary Islands, Spain},
}

@InProceedings {salsa,
	author = {Katrin Erk and Sebastian Pado},
	title ="A powerful and versatile {XML} format for representing role-semantic annotation",
	booktitle = {Proc.  Fourth International Conference on Language Resources and Evaluation (LREC)},
	year = 2004,
	address = {Lisbon, Portugal}
	}

@Book {sampson95,
	author = {Geoffrey Sampson},
	title = { { {English for the {C}omputer. {T}he {SUSANNE} {C}orpus and {A}nalytic {S}cheme}}},
	year = {1995},
	publisher = {Clarendon},
	address = {Oxford}
	}

@Manual {santorini90,
	author="Beatrice Santorini",
	year="1990",
	title="Part-of-speech tagging guidelines for the {P}enn {T}reebank {P}roject",
	organization="Department of Computer and Information Science, University of Pennsylvania"
	}

@TechReport {schiller-etal99,
	author = {Anne Schiller and Simone Teufel and Christine St {\"o}ckert and Christine Thielen},
	title = { {Guidelines f {\"u}r das {T}agging deutscher {T}extcorpora mit {STTS} (Kleines und gro {\ss}es {T}agset)} http://www.ims.uni-stuttgart.de/projekte/corplex/TagSets/stts-1999.pdf},
	institution = {University of Stuttgart and University of T {\"u}bingen},
	year = "1999"
	}

@InCollection {schmidt04,
	author = {Thomas Schmidt},
	title = { {EXMARaLDA} -- ein {S}ystem zur computergest {\"u}tzten {D}iskurstranskription},
	booktitle = {Automatische Textanalyse. Systeme und Methoden zur Annotation und Analyse nat {\"u}rlichsprachlicher Texte},
	pages = {203--218},
	publisher = {Verlag f {\"u}r Sozialwissenschaften},
	year = 2004,
	editor = {A. Mehler and H. Lobin},
	address = {Wiesbaden, Germany}
	}

@InCollection {schmidt05,
	author = {Thomas Schmidt},
	title = {EXMARaLDA und die {D}atenbank `` {M}ehrsprachigkeit'' --- {K}onzepte und praktische {E}rfahrungen},
	booktitle = {Heterogeneity in Focus: Creating and Using Linguistic Databases},
	publisher = {Universit\"atsverlag Potsdam},
	year = 2005,
	editor = {Stefanie Dipper and Michael G\"otze and Manfred Stede},
	series = {ISIS (Interdisciplinary Studies on Information Structure), Working Papers of the SFB 632}
	}

@inproceedings {Schmidt2004a,
	author = {T. Schmidt},
	title = {Transcribing and annotating spoken language with {EXMARaLDA}},
	booktitle = {Proc.  LREC 2004 Workshop on XML based richly annotated corpora},
	address = {Lisbon},
	year = {2004},
	}

@Incollection {Schmidt:04,
	author = "Thomas Schmidt",
	title = " {EXMARaLDA} - ein {S}ystem zur computergest {\"u}tzten {D}iskurstranskription",
	booktitle = "Automatische {T}extanalyse - {S}ysteme und {M}ethoden zur {A}nnotation und {A}nalyse nat {\"u}rlichsprachlicher {T}exte",
	editor = "Alexander Mehler and Henning Lobin",
	publisher = "Wiesbaden: VS Verlag f {\"u}r Sozialwissenschaften, Germany",
	year = "2004",
	pages = "203-218",
	}

@Book {sgall-etal86,
	author = {Sgall, Petr and Haji\' {c}ová, Eva and Panevova, Jarmila},
	title = {The Meaning of the Sentence in its Semantic and Pragmatic Aspects},
	publisher = {Reidel},
	year = {1986},
	address = {Dordrecht}, url_internal="http://books.google.de/books?id=5c4dpxOzIfcC&pg=PA56&vq=referential&hl=en&source=gbs_search_r&cad=1_1#PPA61,M1"
	}

@Book {Sgall:86,
	title = "The Meaning of the Sentence in Its Semantic and Pragmatic Aspects",
	author = "Petr Sgall and Eva Haji\u {c}ov {\'a} and Jarmila Panevov {\'a}",
	year = "1986",
	publisher = "Reidel, Dordrecht",
	}

@article {Skopeteas:06,
	author = "Stavros Skopeteas and Ines Fiedler and Sam Hellmuth and Anne Schwarz and Ruben Stoel and Gisbert Fanselow and Manfred Krifka",
	title = "Questionnaire on {I}nformation {S}tructure: {R}eference Manual",
	noinstitution = "Universit{\"a}tsverlag Potsdam",
	address = "Potsdam, Germany",
	year = "2006",
	journal = "Interdisciplinary Studies on Information Structure (ISIS), ",
	volume = "4",
	}

@TechReport {souter89,
	author="Clive Souter",
	year="1989",
	title="A {S}hort {H}andbook to the {P}olytechnic of {W}ales {C}orpus",
	institution="ICAME, Norwegian Computing Centre for the Humanities, Bergen University, Norway"} note="Technical report MS-CIS-90-47",
}

@Incollection {Spenader:03,
	author = "Jennifer Spenader",
	title = "Between binding and accomodation",
	booktitle = "Perspectives on Dialogue in the New Millennium",
	editor = "Peter Kuehnlein and Hannes Rieser and Henk Zeevat",
	publisher = "John Benjamins",
	year = "2003",
	pages = "79--110",
	}

@incollection{krahmer-theune02,
	author={Krahmer, Emiel and Theune, Mari\"et}, year="2002", title="Efficient contextsensitive generation of referring expressions", booktitle="\cite{deemter-kibble02}", pages="223--264", file="krahmer-theune02-generating-refexps-in-context.pdf"}

@misc{Hovyetal:06,
author="R. Weischedel, S. Pradhan, L. Ramshaw and L. Micciulla",
year="2006",
title="OntoNotes Release 1.0",
organization="Linguistic Data Consortium", address="Philadelphia"
}

@inproceedings{prasad08,
        title="The Penn Discourse Treebank 2.0",
        author="Prasad, Rashmi and Dinesh, Nikhil and Lee, Alan and Miltsakaki, Eleni and Robaldo, Livio and Joshi, Aravind  and Webber, Bonnie ",
        booktitle="Proc.  6th International Conference on Language Resources and Evaluation (LREC 2008)",
        address="Marrakech, Morocco",
        year="2008"
        }

@book{deemter-kibble02,
	editor="van Deemter, Kees and Kibble, Rodger", title="Information Sharing:
Reference and Presupposition in Language Generation and Interpretation",
publisher="CSLI Publications", year="2002",
	annote="quoted from http://citeseer.ist.psu.edu/436628.html"
	}


@article{gernsbacher-hargreaves88,
	author="Gernsbacher, Morton Ann and Hargreaves, David J.",
	title="Accessing sentence participants: the advantage of first mention",
	journal="Journal of Memory and Language",
	volume="27",
	pages="699-717",
	annote="quoted from downing95",
	year="1988"
	}

@Book{gernsbacher90,
	author = {Gernsbacher, Morton Ann},
	title = {Language Comprehension as Structure Building},
	publisher = {Erlbaum},
	year = {1990},
	address = {Hillsdale/NJ},
	}


@InProceedings {stede04,
	author = {Manfred Stede},
	title = {The {P}otsdam {C}ommentary {C}orpus},
	booktitle = {Proc.  ACL Workshop on Discourse Annotation},
	year = 2004,
	address = {Barcelona, Spain},
	pages = {96--102},
	}

@InProceedings {Stede:04,
	author = {Manfred Stede},
	title = {The {P}otsdam {C}ommentary {C}orpus},
	booktitle = {Association for Computational Linguistics (ACL) 2004 Workshop on Discourse Annotation},
	pages = {96--102},
	year = {2004},
	editor = {Bonnie Webber and Donna~K. Byron},
	address = {Barcelona, Spain},
}

@article {strube-hahn99,
	author = {Strube, Michael and Hahn, Udo},
	title = { {Functional Centering} - Grounding Referential Coherence in Information Structure.},
	journal = {Computational Linguistics},
	volume = {25},
	number = {3},
	year = {1999},
	pages = {309-344},
	bibsource = {DBLP, http://dblp.uni-trier.de},
	file="strube-hahn99-functional-centering.pdf", internal_url="http://acl.ldc.upenn.edu/J/J99/"
	}

@InProceedings {Strube:98,
	author = {Michael Strube},
	title = {Never {L}ook {B}ack: {A}n {A}lternative to {C}entering},
	booktitle = {Proc. {COLING}- {ACL} '98},
	pages = {1251--1257},
	year = {1998},
	address = {Montr {\'e}al, Qu {\'e}bec, Canada},
}

@TechReport {stts,
	author = {Anne Schiller and Simone Teufel and Christine St\"ockert and Christine Thielen},
	title = {Guidelines f\"ur das Tagging deutscher Textcorpora mit STTS (Kleines und gro {\ss}es Tagset)},
	institution = {Universities of Stuttgart and T\"ubingen},
	year = {1999},
}

@Misc {taylor:03,
	author = {Claire~Louise Taylor},
	title = { {XSLT} as a {L}inguistic {Q}uery {L}anguage},
	school = {Department of Computer Science and Software Engineering, University of Melbourne},
	year = {2003},
	address = {Department of Computer Science and Software Engineering, University of Melbourne},
	note = {Honours thesis},
}

@Book {tei94,
	editor = {C.~M. Sperberg-McQueen and Lou Bernard},
	title = {Guidelines for {E}lectronic {T}ext {E}ncoding and {I}nterchange (TEI P3)},
	publisher = {Text Encoding Initiative},
	year = 1994,
	address = {Chicago, Oxford}
	}

@Article {tiger,
	author = {Sabine Brants and Stefanie Dipper and Peter Eisenberg and Silvia Hansen and Esther K {\"o}nig and Wolfgang Lezius and Christian Rohrer and George Smith and Hans Uszkoreit},
	title = { {TIGER}: Linguistic Interpretation of a {G}erman Corpus},
	journal = {Research on Language and Computation},
	year = 2004,
	volume = 2,
	number = 4,
	pages = {597--620}
	}

@TechReport {tiger-guidelines,
	author = {Stefanie Albert and Jan Anderssen and Regine Bader and Stefanie Becker and Tobias Bracht and Sabine Brants and Thorsten Brants and Vera Demberg and Stefanie Dipper and Peter Eisenberg and Silvia Hansen and Hagen Hirschmann and Juliane Janitzek and Carolin Kirstein and Robert Langner and Lukas Michelbacher and Oliver Plaehn and Cordula Preis and Marcus Pu {\ss}el and Marco Rower and Bettina Schrader and Anne Schwartz and George Smith and Hans Uszkoreit},
	title = { {TIGER} {A}nnotationsschema},
	institution = {Universities of Saarbr\"ucken, Stuttgart, and Potsdam},
	year = "2003"
	}

@InProceedings {tigeralt,
	author = {Stefanie Dipper and Thorsten Brants and Wolfgang Lezius and Oliver Plaehn and George Smith},
	title = {The TIGER Treebank},
	booktitle = {Third Workshop on Linguistically Interpreted Corpora LINC-2001},
	year = {2001},
	address = {Leuven, Belgium}
	}

@TechReport {tigerscheme,
	author = {S. Albert and J. Anderssen and R. Bader and S. Becker and T. Bracht and S. Brants and T. Brants and V. Demberg and S. Dipper and P. Eisenberg and S. Hansen and H. Hirschmann and J. Janitzek and C. Kirstein and R. Langner and L. Michelbacher and O. Plaehn and C. Preis and M. Pussel and M. Rower and B. Schrader and A. Schwartz and G. Smith and H. Uszkoreit},
	title = { {TIGER} {A}nnotationsschema},
	institution = {Universities of Saarbr\"ucken, Stuttgart, and Potsdam},
	year = "2003"
	}

@InProceedings {tigerxml00,
	author = {Esther K\"onig and Wolfgang Lezius},
	title = {A description language for syntactically annotated corpora},
	year = {2000},
	booktitle = {Proc.  18th International Conference on Computational Linguistics ( {COLING} 2000)},
	pages = {1056--1060},
	address = {Saarbr\"ucken, Germany}
	}

@InProceedings {tomanek07,
	author = {Katrin Tomanek and Joachim Wermter and Udo Hahn},
	title = {Efficient Annotation with the Jena ANnotation Environment (JANE)},
	booktitle = {Proc.  Linguistic Annotation Workshop (LAW)},
	year = {2007},
	pages = {317--328},
	address = {Prague, Czech Republic},
	}

@InProceedings {urml,
	author = {David Reitter and Manfred Stede},
	title = {Step by step: underspecified markup in incremental rhetorical ana\-ly\-sis},
	booktitle = {Proc.  4th International Workshop on Linguistically Interpreted Corpora (LINC-03), Proc. EACL 2003},
	year = {2003},
	address = {Budapest, Hungary}
	}

@InProceedings {Vesela:04,
	author = {Kate\u {r}ina Vesel {\'a} and Jir\i\ Havelka and Eva Haji\u {c}ov {\'a}},
	title = {Annotators' Agreement: The {C}ase of {T}opic- {F}ocus {A}rticulation},
	booktitle = {Proc.  4th Language Resources and Evaluation Conference (LREC 2004)},
	pages = {2191--2194},
	year = {2004},
	address = {Lisbon, Portugal},
}
@MastersThesis {vitt05,
	author = {Thorsten Vitt},
	title = { {DDDquery --- Anfragen an komplexe Korpora}},
	school = {Humboldt-Universit\"at zu Berlin, Institut f {\"u}r Informatik},
	year = {2005},
	address = {Berlin, Germany},
}

@Article {witt05,
	author = {Andreas Witt and Daniela Goecke and Felix Sasaki and Harald L {\"u}ngen},
	year = 2005,
	title = {Unification of {XML} {D}ocuments with {C}oncurrent Markup},
	journal = {Literary and Linguistic Computing 2005},
	volume = 20,
	pages = {103--116},
	}

@book {WittData2005,
	title = {Data mining: Practical machine learning tools and techniques},
	address = {San Francisco},
	author = {Ian~H. Witten and Eibe Frank},
	edition = {2nd},
	publisher = {Morgan Kaufman},
	year = {2005}
	}

@InCollection {WittenburgToApp,
	author = {Peter Wittenburg},
	title = {Preprocessing multimodal corpora},
	booktitle = {Corpus Linguistics. An International Handbook},
	publisher = {Mouton de Gruyter},
	year = {to appear},
	editor = {Anke L\"udeling and Merja Kyt\"o},
	address = {Berlin, Germany}
	}
@TechReport{Weischedeletal:07,
author = {Ralph Weischedel and Sameer Pradhan and Lance Ramshaw and Linnea Micciulla and Martha Palmer and Nianwen Xue and Mitchell Marcus and Ann Taylor and Olga Babko-Malaya and Eduard Hovy and Robert Belvin and Ann Houston},
title = {{OntoNotes Release 1.0}},
institution={Linguistic Data Consortium, Philadelphia},
year = {2007}
}
@inproceedings{DipperGoetze:05,
  author    = {Stefanie Dipper and Michael G\"otze},
  title     = {Accessing {H}eterogeneous {L}inguistic {D}ata --- {G}eneric {XML}-based {R}epresentation and {F}lexible {V}isualization},
  booktitle = {Proc.  2nd Language \& Technology Conference 2005},
  year      = {2005},
  month     = {April},
  address   = {Poznan, Poland},
  pages     = {23--30}
}
@inproceedings{Stedeetal:06,
  author    = {Manfred Stede and Heike Bieler and Stefanie Dipper and Arthit Suriyawongk},
  title     = {SUMMaR: Combining Linguistics and Statistics for Text Summarization},
  booktitle = {Proc.  17th European Conference on Artificial Intelligence (ECAI-06)},
  year      = {2006},
  address   = {Riva del Garda, Italy},
  pages     = {827--828}
}
@InProceedings{Carlettaetal:03,
  author = 	 {J. Carletta  and J. Kilgour and T. O'Donnell and S. Evert and H. Voormann},
  title = 	 {The {NITE} {O}bject {M}odel {L}ibrary for {H}andling {S}tructured {L}inguistic {A}nnotation on {M}ultimodal {D}ata {S}ets},
  OPTcrossref =  {},
  OPTkey = 	 {},
  booktitle = {Proc.  EACL Workshop on Language
  Technology and the Semantic Web (3rd Workshop on NLP and XML)},
  OPTpages = 	 {},
  year = 	 {2003},
  OPTeditor = 	 {},
  OPTvolume = 	 {},
  OPTnumber = 	 {},
  OPTseries = 	 {},
  OPTaddress = 	 {},
  OPTmonth = 	 {},
  OPTorganization = {},
  OPTpublisher = {},
  OPTnote = 	 {},
  OPTannote = 	 {}
}

@Misc {NN:10,
	author = {N.N.},
	title = {Removed},
	booktitle = {Removed},
	pages = {1--8},
	year = 2010,
	address = {N.N.}
	}

@book {WittenFrank:05,
	title = {Data mining: Practical machine learning tools and techniques},
	address = {San Francisco},
	author = {Ian~H. Witten and Eibe Frank},
	edition = {2nd},
	publisher = {Morgan Kaufman},
	year = {2005}
	}

@inproceedings{kermes-evert01,
author="Kermes, Hannah and Evert, Stefan",
year="2001",
title="{Exploiting large corpora: A circular process of partial syntactic ana\-ly\-sis, corpus query and extraction of lexikographic information}",
editor="Paul Rayson et al.",
booktitle="Proc.  Corpus Linguistics 2001",
address="Lancaster, UK",
pages="332 -- 340"
}


%BitPar:
@InProceedings{Schmid:2006,
  author =       {Helmut Schmid},
  title = 	 {Trace {P}rediction and {R}ecovery {W}ith {U}nlexicalized {PCFG}s and {S}lash {F}eatures},
  booktitle =    {Proc. {COLING-ACL} 2006},
  year = 	 {2006},
  address = 	 {Sydney, Australia}
}

%BitPar:
@inproceedings{Schmid:2004,
  author=        {Helmut Schmid},
  title=         {{E}fficient {P}arsing of {H}ighly {A}mbiguous {C}ontext-{F}ree {G}rammars with {B}it {V}ectors},
  year=          {2004},
  booktitle=     {Proc.  20th {I}nternational {C}onference on {C}omputational {L}inguistics, {C}oling'04},
  pages = 	 {162--168},
  volume = 	 {1},
  address = 	 {Geneva, Switzerland}
}

%B3-Analyse-Tool:
@InProceedings{Eberle/etal:2008,
  author = 	 {Kurt Eberle and Ulrich Heid and Manuel Kountz
                  and Kerstin Eckart},
  title = 	 {A tool for corpus ana\-ly\-sis using partial disambiguation
                  and bootstrapping of the lexicon},
  booktitle =    {Text Resources and Lexical Knowledge -- Selected Papers
                  from the 9$^{th}$ Conference on Natural Language
                  Processing ({KONVENS} 2008)},
  pages = 	 {145--158},
  year = 	 2008,
  editor = 	 {Angelika Storrer and Alexander Geyken and
                  Alexander Siebert and Kay-Michael W{\"u}rzner},
  address = 	 {Berlin, Germany},
  publisher =    {Mouton de Gruyter}
}

%FUDRT
@TechReport{Eberle:1997,
  author =       {Kurt Eberle},
  institution =  {Universit\"{a}t Stuttgart},
  title =        {{F}lat underspecified representation and
		  its meaning for a fragment of {German}},
  type =         {Arbeitspapiere des {S}onderforschungsbereichs 340, {N}r. 120},
  address =      {Stuttgart, Germany},
  year =         1997
}

%FUDRT
@techreport{Eberle:2004,
  author =       {Kurt Eberle},
  institution =  {Universit\"{a}t Stuttgart},
  title =        {Flat underspecified representation and
		  its meaning for a fragment of {German}},
  type =         {Habilitationsschrift},
  address =      {Stuttgart, Germany},
  year =         2004
}

@incollection{Eberle:2002,
author = {Kurt Eberle},
title = {Tense and {A}spect {I}nformation in a {FUDR}-based {German French
Machine Translation System}},
booktitle = {How we say WHEN it happens. Contributions to the theory of
temporal reference in natural language},
editor = {Hans Kamp and Uwe Reyle},
publisher = {Niemeyer},
pages = {97-148},
year = 2002,
note = {Ling. Arbeiten, Band 455},
address = {T\"{u}bingen}}

%note="WAS IST DIE STANDARD-TIGERSEARCH-REF ?"
@techreport{koenig2003tigersearch,
  title={{TIGERSearch 2.1 User's Manual}},
  author={Esther K{\"o}nig and Wolfgang Lezius and Holger Voormann},
  institution={IMS, University of Stuttgart},
  year={2003}
}

@conference{chiarcos2009all,
  title={{By all these lovely tokens...: merging conflicting tokenizations}},
  author={Christian Chiarcos and Julia Ritz and Manfred Stede},
  booktitle={Proc.  Third Linguistic Annotation Workshop},
  pages={35--43},
  year={2009},
  organization={Association for Computational Linguistics}
}

%author={Crysmann, B. and Frank, A. and Kiefer, B. and M{\"u}ller, S. and Neumann, G. and Piskorski, J. and Sch{\"a}fer, U. and Siegel, M. and Uszkoreit, H. and Xu, F. and Becker, M. and Krieger, H. },
@InProceedings{crysmann2001integrated,
  author    = {Berthold Crysmann  and  Anette Frank  and  Kiefer Bernd  and  Stefan Mueller  and  Guenter Neumann  and  Jakub Piskorski  and  Ulrich Schaefer  and  Melanie Siegel  and  Hans Uszkoreit  and  Feiyu Xu  and  Markus Becker  and  Hans-Ulrich Krieger},
  title={{An integrated architecture for shallow and deep processing}},
    booktitle = {Proc. 40th Annual Meeting of the Association for Computational Linguistics},
  month     = {July},
  year      = {2002},
  address   = {Philadelphia, Pennsylvania, USA},
  mypublisher = {Association for Computational Linguistics},
  pages     = {441--448},
  myurl       = {http://www.aclweb.org/anthology/P02-1056},
  mydoi       = {10.3115/1073083.1073157}
}

@InProceedings{Baroni/Kilgarriff:2006,
  author = 	 {Marco Baroni and Adam Kilgarriff},
  title = 	 {Large linguistically-processed {W}eb corpora for multiple
  languages},
  booktitle = {Proc.  11th Conference of the European Chapter
    of the Association for Computational Linguistics},
  pages = 	 {87--90},
  year = 	 {2006},
  address = 	 {Trento, Italy},
  organization = {EACL},
}

@InProceedings{Faasz/etal:2010,
  author =      {Gertrud Faa{\ss} and Ulrich Heid and Helmut Schmid},
  title =      {Design and application of a {G}old {S}tandard for morphological ana\-ly\-sis: {SMOR} as an example of morphological evaluation},
  booktitle = {Proc.  seventh international conference on Language Resources and Evaluation (LREC)},
  year = 	 {2010},
  address =      {Valetta, Malta},
}

@Misc{Heid/etal:2009,
  author = 	 {Ulrich Heid and Kurt Eberle and Kerstin Eckart},
  title = 	 {Towards more reliable linguistic analyses: workflow and infrastructure},
  howpublished = {{P}oster presentation at the {GSCL} 2009 workshop: {L}inguistic {P}rocessing {P}ipelines, {P}otsdam},
  year = 	 {2009}
}

@InProceedings{Eberle/etal:2009:GSCL,
  author = 	 {Kurt Eberle and Gertrud Faa{\ss} and Ulrich Heid},
  title = 	 {{P}roposition oder {T}emporalangabe? {D}isambiguierung von -ung-{N}ominalisierungen von verba dicendi in nach-{PP}s},
booktitle = {Von der Form zur Bedeutung: Texte automatisch verarbeiten / From Form to Meaning: Processing Texts Automatically, Proc.  Biennial GSCL Conference 2009},
pages = 	 {81--91},
  year = 	 2009,
  editor = 	 {Christian Chiarcos and Richard Eckart de Castilho and Manfred Stede},
  address = 	 {T{\"u}bingen},
  publisher = {Gunter Narr Verlag},
}

%author="Borin, L.",
@conference{borin00,
        title="Something Borrowed, Something Blue: {Rule}-Based Combination of {POS}
Taggers",
        author="Lars Borin",
        year="2000",
booktitle="Proc.  2nd International Conference on Language
Resources and Evaluation (LREC 2000)", month="May, 31st -- June, 2nd",
address="Athens, Greece"
}

%author    = {Zavrel, J. and Daelemans, W.},
@conference{zavrel-daelemans00bootstrapping,
  author    = {Jakub Zavrel and
               Walter Daelemans},
  title     = {{Bootstrapping a Tagged Corpus through Combination of Existing
               Heterogeneous Taggers}},
booktitle="Proc.  2nd International Conference on Language
Resources and Evaluation (LREC 2000)", month="May, 31st -- June, 2nd",
address="Athens, Greece",
  year      = {2000},
}

        @InProceedings{FRANCOM08.587,
  author = {Jerid Francom and Mans Hulden},
  title = {Parallel {M}ulti-{T}heory {A}nnotations of {S}yntactic {S}tructure},
  booktitle = {Proc.  Sixth International Language Resources and Evaluation (LREC 2008)},
  year = {2008},
  month = {May},
  nodate = {28-30},
  address = {Marrakech, Morocco},
  noeditor = {Nicoletta Calzolari (Conference Chair), Khalid Choukri, Bente Maegaard, Joseph Mariani, Jan Odjik, Stelios Piperidis, Daniel Tapias},
  nopublisher = {European Language Resources Association (ELRA)},
  noisbn = {2-9517408-4-0},
  nonote = {http://www.lrec-conf.org/proceedings/lrec2008/},
  nolanguage = {english}
  }

@conference{tufis2000using,
  title={{Using a large set of EAGLES-compliant morpho-syntactic descriptors as a tagset for probabilistic tagging}},
  author={Dan Tufi{\c{s}}},
  year="2000",
booktitle="Proc.  2nd International Conference on Language
Resources and Evaluation (LREC 2000)", month="May, 31st -- June, 2nd",
address="Athens, Greece",
  pages={1105--1112},
}

@InProceedings{delaClergerie/etal:2008:LREC,
  author = 	 {Eric Villemonte de la Clergerie and Olivier Hamon and Djamel Mostefa and Christelle Ayache and Patrick Paroubek and Anne Vilnat},
  title = 	 {{PASSAGE}: from {F}rench {P}arser {E}valuation to {L}arge {S}ized {T}reebank},
 booktitle = {Proc.  6$^{th}$ Conference on Language Resources
  and Evaluation (LREC 2008)},
  year = 	 {2008},
 address = 	 {Marrakech, Morocco},
  month = 	 {May},
  nonote = 	 {[CD-ROM]}
}

@misc{bies-etal95,
        author="Bies, Ann  and Ferguson, Mark and Katz, Karen and MacIntyre, Robert",
        year="1995",
        title="Bracketing Guidelines for Treebank II Style Penn Treebank Project",
        note="version of January 1995",
        howpublished="\url{ftp://ftp.cis.upenn.edu/pub/treebank/doc/manual/root.ps.gz} (\today)"
}

@inproceedings{Brants:00,
  AUTHOR = {Thorsten Brants},
  TITLE = {{TnT} -- A Statistical Part-of-Speech Tagger},
  YEAR = {2000},
  BOOKTITLE = {Proc.  Sixth Applied Natural Language Processing ({ANLP}-2000)},
  ADDRESS = {Seattle, WA},
  PAGES = {}}

@article{Brill:95,
author = {Eric Brill},
title = {{Transformation-Based Error-Driven Learning and Natural Language Processing: A Case Study in Part-of-Speech Tagging}},
journal = {Computational Linguistics},
year = 1995,
volume = 21,
number = 4,
pages = {543--565},
}

@misc{Burnard:07,
author = {Lou Burnard},
title = {{Reference Guide for the British National Corpus (XML Edition)}},
year = {2007},
note = {\url{http://www.natcorp.ox.ac.uk/XMLedition/URG/bnctags.html}}
}

@article{carlettaetal:03,
title = {{The NITE XML Toolkit: Flexible Annotation for Multi-modal Language Data}},
author = {J. Carletta and S. Evert and U. Heid and J. Kilgour and J. Robertson and H. Voormann},
journal = {Behavior Research Methods, Instruments, and Computers},
number = {3},
volume = {35},
year = {2003}
}

@inbook{Carlsonetal:03,
author = {Lynn Carlson and Daniel Marcu and Mary Ellen Okurowski},
title = {Building a discourse-tagged corpus in the framework of Rhetorical Structure Theory},
chapter = {5},
pages = {85112},
booktitle = {Jan van Kuppevelt and Ronnie~W. Smith (ed.), Current and New Directions in Discourse and Dialogue",
series="Text, Speech, and Language Technology; 22},
publisher =  {Kluwer}, address={Dordrecht},
year = {2003}

}

@inproceedings{Christ:94,
  author = "Oliver Christ",
  title = "A modular and flexible architecture for an integrated corpus query system",
  address = "Budapest, Hungary",
  year = 1994,
  booktitle = "Proc.  3rd Conference on Computational Lexicography and Text research (COMPLEX 94)",
 pages = "23--32"
}

\nocite{cunninghametal:0}
@InProceedings{cunninghametal:02,
  author =   {H. Cunningham and D. Maynard and K. Bontcheva and V. Tablan},
  title =    {{GATE: A framework and graphical development environment for robust NLP tools and applications}},
  booktitle =    {Proc.  40th Anniversary Meeting of the
                  Association for Computational Linguistics},
  year =     2002
}

@InProceedings{Dipper:05,
  author = 	 {Stefanie Dipper},
  title = 	 {{XML}-based Stand-off Representation and Exploitation of Multi-Level Linguistic Annotation},
  booktitle =	 {Proc. Berliner XML Tage 2005 (BXML 2005)},
  pages =	 {39--50},
  year =	 2005,
  address =	 {Berlin, Germany}
}

@inproceedings{DipperGoetze:05,
  author    = {Stefanie Dipper and Michael G\"otze},
  title     = {Accessing Heterogeneous Linguistic Data --- Generic {XML}-based Representation and Flexible Visualization},
  booktitle = {Proc.  2nd Language \& Technology Conference 2005},
  year      = {2005},
  month     = {April},
  address   = {Poznan, Poland},
  pages     = {23--30}
}

@inproceedings{DipperGoetze:06,
author    = {Stefanie Dipper, Michael G\"otze},
title     = {{ANNIS: Complex Multilevel Annotations in a Linguistic Database}},
booktitle = {{Proc.  5th Workshop on NLP and XML (NLPXML-2006): Multi-Dimensional Markup in Natural Language Processing}},
year      = {2006},
address   = {Trento, Italy.}
}
\nocite
@article{FerrucciLally:04,
  author = {David Ferrucci and Adam Lally},
  journal = {Natural Language Engineering},
  number = {3/4},
  pages = {327-348},
  title = {{UIMA}: An Architectural Approach to Unstructured Information Processing
	in the Corporate Research Environment},
  volume = {10},
  year = {2004},
  timestamp = {2009.09.09},
  issn = {1351-3249},
  owner = {flint},
  doi = {http://dx.doi.org/10.1017/S1351324904003523},
}
@article{Guo:97,
  author = {Jin Guo},
  journal = {Computational Linguistics},
  number = {23},
  pages = {569-596},
  title = {{Critical Tokenization and its Properties}},
  volume = {4},
  year = {1997},
}

@misc{Henderson-ACE-DTD:00,
author = {John C. Henderson},
year = {2000},
title={{A DTD for Reference Key Annotation of EDT Entities and RDC Relations in the ACE Evaluations (v. 5.2.0, 2000/01/05)}},
note={\url{http://projects.ldc.upenn.edu/ace/annotation/apf.v5.2.0.dtd} (2009/06/04)}
}

@misc{Ide:08,
author = {Nancy Ide},
year = {2008},
title={{The American National Corpus: Then, now and tomorrow}},
note={Keynote paper presented at the HCSNet Workshop on Designing the Australian National Corpus, 4-5 December, UNSW, Sydney, Australia}
}


@InProceedings{KaplanNewman:97,
  author =	 {Ron Kaplan and Paula Newman},
  title =	 {{Lexical Resource Reconciliation in the Xerox Linguistic Environment}},
  booktitle =	 {Proc.  ACL Workshop on Computational Environments for Grammar Development and Linguistic Engineering},
  year =	 1997,
  address =	 {Madrid, Spain},
pages = {54--61}
}

\nocite
@InProceedings{KingsburyPalmer:02,
  author =	 {P. Kingsbury and  M. Palmer},
  title =	 {{From TreeBank to PropBank}},
  booktitle =	 {Proc.  Third International Conference on Language Resources and Evalution (LREC).},
  year =	 2002,
  address =	 {Las Palmas, Spain},
pages = {1989-1993}
}

@inproceedings{KoenigLezius:00,
  author =	 {Esther K\"onig and Wolfgang Lezius},
  title =	 {A description language for syntactically annotated corpora},
  year =	 {2000},
  booktitle =	 {Proc.  18th International Conference on
                  Computational Linguistics ({COLING} 2000)},
  pages =	 {1056--1060},
  address =	 {Saarbr\"ucken}
}

@Article {Marcusetal:93,
	author = {Mitchell~P. Marcus and Beatrice Santorini and Mary Ann Marcinkiewicz},
	title = {{Building a large annotated corpus of English: the Penn treebank}},
	journal = {Computational Linguistics},
	year = {1993},
	volume = 19,
pages =  {313-330}
	}

@inproceedings{Meyersetal:04,
  author =	 {A. Meyers and R. Reeves and C. Macleod and R. Szekely and V. Zilinska and B. Young},
  title =	 {The NomBank project: An interim report},
  year =	 {2004},
  booktitle =	 {NAACL/HLT workshop on frontiers in corpus annotation}
}

@InCollection {MuellerStrube:06,
	author = {Christoph M\"uller and Michael Strube},
	title = {Multi-level annotation of linguistic data with MMAX2},
	booktitle = {Corpus Technology and Language Pedagogy: New Resources, New Tools, New Methods},
	publisher = {Peter Lang},
	year = {2006},
	editor = {Sabine Braun and Kurt Kohn and Joybrato Mukherjee},
	address = {Frankfurt, Germany},
pages={197--214}
	}
@InProceedings{PoesioArtstein:08,
  author = {Massimo Poesio and Ron Artstein},
  title = {Anaphoric Annotation in the ARRAU Corpus},
  booktitle = {Proc.  Sixth International Language Resources and Evaluation (LREC'08)},
  year = {2008},
  month = {may},
  date = {28-30},
  address = {Marrakech, Morocco},
  editor = {Nicoletta Calzolari and Khalid Choukri and Bente Maegaard and Joseph Mariani and Jan Odjik and Stelios Piperidis and Daniel Tapias},
  publisher = {European Language Resources Association (ELRA)},
  isbn = {2-9517408-4-0},
  note = {http://www.lrec-conf.org/proceedings/lrec2008/},
  language = {english}
  }
@InProceedings{Prasadetal:08,
  author = {Rashmi Prasad and Nikhil Dinesh and Alan Lee and Eleni Miltsakaki and Livio Robaldo and Aravind Joshi and Bonnie Webber},
  title = {The Penn Discourse TreeBank 2.0.},
  booktitle = {Proc.  Sixth International Language Resources and Evaluation (LREC'08)},
  year = {2008},
  month = {may},
  date = {28-30},
  address = {Marrakech, Morocco},
  editor = {Nicoletta Calzolari and Khalid Choukri and Bente Maegaard and Joseph Mariani and Jan Odjik and Stelios Piperidis and Daniel Tapias},
  publisher = {European Language Resources Association (ELRA)},
  isbn = {2-9517408-4-0},
  note = {http://www.lrec-conf.org/proceedings/lrec2008/},
  language = {english}
  }

@InProceedings{Pustejovskyetal:03,
  author = {James Pustejovsky and Patrick Hanks and Roser Saur\'i and Andrew See and Robert Gaizauskas and Andrea Setzer and Dragomir Radev and Beth Sundheim, David Day and Lisa Ferro and Marcia Lazo},
  title = {The TIMEBANK Corpus},
  booktitle = {Proc. Corpus Linguistics 2003},
  year = {2003},
  pages={647-656}
  }

@InProceedings{Rehmetal:09a,
  author =       {Georg Rehm and Oliver Schonefeld and Andreas Witt and Christian Chiarcos and Timm Lehmberg},
  title =        {SPLICR: A Sustainability Platform for Linguistic Corpora and Resources},
  year =         {2008},
  booktitle =    {Text Resources and Lexical Knowledge, Companion Volume},
  publisher =    {Mouton de Gruyter},
  address =      {Berlin, Germany},
  editor =       {Angelika Storrer and Alexander Geyken and Alexander Siebert and Kay-Michael W\"urzner},
  pages =        {85--96},
}

 

@incollection{schmid:07,
  author	= {Schmid, Helmut},
  editor	= {L{"u}deling, Anke and Kyt{"o}, Merja},
  title		= {Tokenizing and {P}art-of-{S}peech {T}agging},
  booktitle	= {Corpus Linguistics. An International Handbook},
  publisher	= {de Gruyter},
  year		= {2007},
  series	= {Handb{{"u}}cher f{{"u}}r Sprach- und Kommunikationswissenschaft/Handbooks of Linguistics and Communication Science},
  address	= {Berlin, New York},
}

@misc{sampson99,
        author="Sampson, Geoffrey R.",
        title="{CHRISTINE} Corpus, Stage I: Documentation",
                year="1999",
        howpublished="\url{http://www.grsampson.net/ChrisDoc.html} (\today)"
        }


@inproceedings{stedeetal:06,
  author = {Manfred Stede and Heike Bieler and Stefanie Dipper and Arthit Suriyawongkul},
  title = {SUMMaR: Combining Linguistics and Statistics for Text Summarization},
  booktitle = {Proc.  17th European Conference on Artificial Intelligence (ECAI-06)},
  address = {Riva del Garda, Italy},
  year = {2006},
  pages = {827--828}
}


%\bibitem[\protect\citename{Manning and Sch\"utze}1999]{ManningSchuetze:99}
%Chris Manning and Hinrich Sch{\"u}tze.
%\newblock 1999.
%\newblock {\em Foundations of Statistical Natural Language Processing}.
%\newblock MIT Press. Cambridge, MA: May 1999.
@inproceedings{vilainetal:95,
  author = {M. Vilain and J. Burger and J. Aberdeen and D. Connolly and L. Hirschman},
  title = {A model-theoretic coreference scoring scheme},
  booktitle = {MUC6 '95: Proc.  6th Conference on Message understanding},
  address = {Morristown, NJ, USA},
  year = {1995},
  pages = {45--52}
}

@article{WolfGibson:05,
  author	= {Florian Wolf and Edward Gibson},
  title		= {{R}epresenting {D}iscourse {C}oherence: {A} {C}orpus-{B}ased {S}tudy},
  journal	= {Computational Linguistics},
  year		= {2005},
  volume	= {31},
  pages		= {249--287},
  number	= {2},
}

@misc{Wu:98,
author = {Dekai Wu},
year = {1998},
title = {A Position Statement on Chinese Segmentation},
note = {Presented at the Chinese Language Processing Workshop, University of
Pennsylvania, Philadelphia, 30 June to 2 July 1998. \url{http://www.cs.ust.hk/~dekai/papers/segmentation.html}}
}

@article{cheng1990superiority,
  title={{Superiority violations}},
  author={Cheng, L. and Demirdache, H.},
  journal={MIT working papers in linguistics},
  volume={13},
  pages={27--46},
  year={1990}
}

@article{heycock1995asymmetries,
  title={{Asymmetries in reconstruction}},
  author={Heycock, C.},
  journal={Linguistic Inquiry},
  volume={26},
  number={4},
  pages={547--570},
  year={1995},
  publisher={The MIT Press}
}


@conference{junghanns1995fokus,
  title={{Fokus im Russischen}},
  author={Junghanns, U. and Zybatow, G.},
  booktitle={Proc.  G{\\"o}ttingen Focus Workshop (17. DGfS, March 1-3, 1995). Arbeitsbericht},
  volume={69},
  pages={113--136},
  year={1995}
}

@phdthesis{sekerina1997syntax,
  title={{The syntax and processing of scrambling constructions in Russian}},
  author={Sekerina, I.A.},
  year={1997},
  school={The City University of New York}
}


@article{muller2005analyse,
  title={{Zur Analyse der scheinbar mehrfachen Vorfeldbesetzung}},
  author={S. M\"uller},
  journal={Linguistische Berichte},
  volume={203},
  pages={297},
  year={2005},
  publisher={WESTDEUTSCHER VERLAG GMBH}
}

@inproceedings{jiampojamarnKondrak:09,
author="Jiampojamarn, S. and Kondrak, G.",
year="2009",
title="Online Discriminative Training for Grapheme-to-Phoneme Conversion",
booktitle="Interspeech",
address="Brighton"
}

@inproceedings{Copestakeetal:02,
author="Copestake, Ann  and Lambeau, Fabre and Villavicencio, Aline and Bond, Francis and Baldwin, Timothy and Sag, Ivan A. and Flickinger, Dan",
year="2002",
title="Multiword expressions: Linguistic precision and reusability",
booktitle="Proc. of the 3rd International Conference on Language Resources and Evaluation (LREC 2002)",
pages="1941-1947", address="Las Palmas, Canary Islands"
}
@inproceedings{Yamamotoetal:03,
 author = {Yamamoto, Kaoru and Kudo, Taku and Konagaya, Akihiko and Matsumoto, Yuji},
 title = {Protein name tagging for biomedical annotation in text},
 booktitle = {Proc.  ACL 2003 workshop on Natural language processing in biomedicine},
 year = {2003},
 pages = {65--72},
 location = {Sapporo, Japan},
 doi = {http://dx.doi.org/10.3115/1118958.1118967},
 publisher = {Association for Computational Linguistics},
 address = {Morristown, NJ, USA},
 }
@MISC{kcors1994,
 author = {IPDS},
 title = {{The Kiel Corpus of Read Speech}},
 howpublished = {CD-ROM},
 year = {1994},
 address = {Kiel, Germany},
 editor = {University of Kiel},
 owner = {timo},
 timestamp = {2007-05-19}
}

@article{chiarcos-etal2011-tokens,
    author="Christian Chiarcos and Julia Ritz and Manfred Stede",
    year="2011",
    title="By all these lovely tokens ... {Merging} Conflicting Tokenizations",
    journal="Journal of Language Resources and Evaluation (LREJ)",
    number="45",
    volume="4",
    note="to appear"
}

@inproceedings{chiarcos-etal2011-daarc,
    author="Christian Chiarcos and Julia Ritz  and Manfred Stede",
    year="2011",
    title="Querying and visualizing coreference annotation in multi-layer corpora",
    noeditor="Iris Hendrickx and António Branco and Sobha Lalitha Devi and Ruslan Mitkov",
    booktitle="Proc.  8th Discourse Anaphora and Anaphor Resolution Colloquium (DAARC 2011)",
    nopublisher="Edicoes Colibri",
    address="Faro",
    nomonth="Oct",
    pages="80-92"
}

@techreport{busemannBusemann08-toolbox,
    author="A. Busemann and K. Busemann",
    year="2008",
    title="Toolbox Self-Training",
    institution="\url{http://www.sil.org}",
    note="Version 1.5.4, Oct 2008"
}

@techreport{hellwig-etal08-elan,
    author="B. Hellwig and D. Van Uytvanck and M. Hulsbosch",
    year="2008",
    title="{ELAN  Linguistic Annotator}",
    note="version of 2008-07-31",
    institution="\url{http://www.lat-mpi.eu/tools/elan}"
}

@article{boersma2002praat,
  title={Praat, a system for doing phonetics by computer},
  author={Boersma, PPG},
  journal={Glot international},
  volume={5},
  number={9/10},
  pages={341--345},
  year={2002}
}

@inproceedings{schiehlen04,
	author="Schiehlen, Michael",
	year="2004",
	title="{Optimizing algorithms for pronoun resolution}",
	booktitle="{Proc.  20th International Conference on Computational Linguistics (COLING)}",
 pages     = {515--521},
	address="Geneva",
	month="August"
	}


@inproceedings{skut-etal97-negra-scheme,
	AUTHOR = "Skut, Wojciech and Krenn, Brigitte and Brants, Thorsten and
Uszkoreit, Hans",
	title="An Annotation Scheme for Free Word Order Languages",
	BOOKtitle="{Proc.  5th Conference on Applied Natural Language Processing (ANLP)}",
	YEAR = "1997",
	address = "Washington, D.C.",
	}

@inproceedings{ide-pustejovsky2010-interoperability,
    author="Ide, N. and Pustejovsky, J.",
    year="2010",
    title="What Does Interoperability Mean, anyway? {Toward} an Operational Definition of Interoperability",
    booktitle="Proc.  Second International Conference on Global Interoperability for Language Resources (ICGL 2010)",
    address="Hong Kong, China"
}

@article{romary2011tiger2,
  title={[Tiger2/]-Serialising the ISO SynAF Syntactic Object Model},
  author={Romary, L. and Zeldes, A. and Zipser, F.},
  journal={Arxiv preprint arXiv:1108.0631},
  year={2011}
}

@inproceedings{chiarcos-hellmann2011-okcon,
author="Christian Chiarcos and Sebastian Hellmann",
year="2011",
title="Working Group for Open Data in Linguistics: Status Quo and Perspectives",
editor="Sebastian Hellmann and Philipp Frischmuth and  Sören Auer and Daniel Dietrich",
booktitle="Proc.  6th Open Knowledge Conference (OKCon 2011)",
address="Berlin, Germany",
month="June"
}

@conference{chiarcos-goetze07-ontoannis,
    author="Christian Chiarcos and Michael Götze",
    year="2007",
    title="A Linguistic Database with Ontology-sensitive Corpus Querying",
    booktitle="Datenstrukturen für linguistische Ressourcen und ihre Anwendungen. Frühjahrstagung der Gesellschaft für Linguistische Datenverarbeitung (GLDV 2007)",
    address="Tübingen, Germany",
    month="April"
}


@inproceedings{zipser-romary2010-saltnpepper,
    author="Zipser, F. and Romary, L.",
    year="2010",
    title="A model oriented approach to the mapping of annotation formats using standards",
    booktitle="Proc.  LREC-2010 Workshop on Language Resource and Language Technology Standards (LR\&LTS 2010)",
    address="Valetta, Malta", month="May"
}

@conference{hovy2006ontonotes,
  title={{Ontonotes: the 90\%
  solution}},
  author={Hovy, E. and Marcus, M. and Palmer, M. and Ramshaw, L. and Weischedel, R.},
  booktitle={Con\-fe\-rence of the North American Chapter of the Association for
Computational Linguistics on Human Language Technology (HLT-NAACL
2006)}, address="New York", month="June",
  pages={57--60},
  year={2006},
}


@article{HeppSB07,
  author = {Martin Hepp and Katharina Siorpaes and Daniel Bachlechner},
  interhash = {99e178fe7e047f07b3bc72d5d5520048},
  intrahash = {651ed3b6c860b8ea90bf64bd1933bfa0},
  journal = {IEEE Internet Computing},
  number = 5,
  pages = {54-65},
  title = {Harvesting Wiki Consensus: Using Wikipedia Entries as Vocabulary
               for Knowledge Management},
  url = {http://dblp.uni-trier.de/rec/bibtex/journals/internet/HeppSB07},
  volume = 11,
  year = 2007,
  timestamp = {2009-09-23T12:50:09.000+0200},
  keywords = {imported},
  ee = {http://doi.ieeecomputersociety.org/10.1109/MIC.2007.110},
  added-at = {2009-09-23T12:50:09.000+0200},
  bibsource = {DBLP, http://dblp.uni-trier.de},
  description = {DBLP Record 'journals/internet/HeppSB07'},
  biburl = {http://www.bibsonomy.org/bibtex/2651ed3b6c860b8ea90bf64bd1933bfa0/arminhs}
}


@inproceedings{mendes2011spotlight,
title = {DBpedia Spotlight: Shedding Light on the Web of Documents},
author = {Pablo N. Mendes and Max Jakob and Andr\'{e}s Garc\'{i}a-Silva and Christian Bizer},
year = {2011},
booktitle = {Proc.  7th International Conference on Semantic Systems (I-Semantics)},
}

@article{martin2009representing,
  title={Representing a resource of formal lexicalsemantic descriptions in the Web Ontology Language},
  author={Martin, F. and Spohr, D. and Stein, A.},
  journal={Journal for Language Technology and Computational Linguistics},
  volume={21},
  pages={1--22},
  year={2009}
}

@book{ide1995text,
  title={Text encoding initiative: Background and contexts},
  author={Ide, N. and Veronis, J.},
  year={1995},
  publisher={Kluwer Academic Pub}
}


@misc{weibel98-dublin-core,
    author="S. Weibel and J. Kunze and C. Lagoze and and M. Wolf",
    title="{RFC 2413 - Dublin Core} Metadata for Resource Discovery",
    month="September", year="1998", howpublished="\url{http://www.isi.edu/in-notes/rfc2413.txt}"
}


@article{giordano1995tei,
  title={The TEI header and the documentation of electronic texts},
  author={Giordano, R.},
  journal={Computers and the Humanities},
  volume={29},
  number={1},
  pages={75--84},
  year={1995},
  publisher={Springer}
}


@InProceedings{snyder-barzilay-knight:2010:ACL,
  author    = {Snyder, Benjamin  and  Barzilay, Regina  and  Knight, Kevin},
  title     = {A Statistical Model for Lost Language Decipherment},
  booktitle = {Proc.  48th Annual Meeting of the Association for Computational Linguistics},
  month     = {July},
  year      = {2010},
  address   = {Uppsala, Sweden},
  publisher = {Association for Computational Linguistics},
  pages     = {1048--1057},
  url       = {http://www.aclweb.org/anthology/P10-1107}
}

@InProceedings{haertel-mcclanahan-ringger:2010:NAACLHLT,
  author    = {Haertel, Robbie  and  McClanahan, Peter  and  Ringger, Eric K.},
  title     = {Automatic Diacritization for Low-Resource Languages Using a Hybrid Word and Consonant CMM},
  booktitle = {Human Language Technologies: The 2010 Annual Conference of the North American Chapter of the Association for Computational Linguistics},
  month     = {June},
  year      = {2010},
  address   = {Los Angeles, California},
  publisher = {Association for Computational Linguistics},
  pages     = {519--527},
  url       = {http://www.aclweb.org/anthology/N10-1076}
}

@article{su2008ntu,
  title={NTU corpus of Formosan languages: A state-of-the-art report},
  author={Su, L.I. and Sung, L.M. and Huang, S. and Hsieh, F. and Lin, Z.},
  journal={Corpus Linguistics and Lingustic Theory},
  volume={4},
  number={2},
  pages={291--294},
  year={2008},
  publisher={Walter de Gruyter GmbH \& Co. KG}
}

@InProceedings{ANTONSEN10.254,
  author = {Lene Antonsen and Trond Trosterud and Linda Wiechetek},
  title = {Reusing Grammatical Resources for New Languages},
  booktitle = {Proc.  Seventh conference on International Language Resources and Evaluation (LREC'10)},
  year = {2010},
  month = {may},
  date = {19-21},
  address = {Valletta, Malta},
  editor = {Nicoletta Calzolari (Conference Chair) and Khalid Choukri and Bente Maegaard and Joseph Mariani and Jan Odijk and Stelios Piperidis and Mike Rosner and Daniel Tapias},
  publisher = {European Language Resources Association (ELRA)},
  isbn = {2-9517408-6-7},
  language = {english}
 }

@InProceedings{poornima-good:2010:NLPLING,
  author    = {Poornima, Shakthi  and  Good, Jeff},
  title     = {Modeling and Encoding Traditional Wordlists for Machine Applications},
  booktitle = {Proc.  2010 Workshop on NLP and Linguistics: Finding the Common Ground},
  month     = {July},
  year      = {2010},
  address   = {Uppsala, Sweden},
  publisher = {Association for Computational Linguistics},
  pages     = {1--9},
  url       = {http://www.aclweb.org/anthology/W10-2101}
}


@inproceedings{tapanainen1997non,
  title={A non-projective dependency parser},
  author={Tapanainen, P. and J{\"a}rvinen, T.},
  booktitle={Proc.  fifth conference on Applied natural language processing},
  pages={64--71},
  year={1997},
  organization={Association for Computational Linguistics}
}


@inproceedings{nivre2006maltparser,
  title={Maltparser: A data-driven parser-generator for dependency parsing},
  author={Nivre, J. and Hall, J. and Nilsson, J.},
  booktitle={Proc. of LREC},
  pages={2216--2219},
  year={2006},
  organization={Citeseer}
}

@inproceedings{green-etal2010-stanford-french,
    author="Green, Spence and de Marneffe,   Marie-Catherine and Bauer, John and Manning, Christopher D.", year="2010",
    title="Multiword Expression Identification with Tree Substitution Grammars: {A} Parsing tour de force with {French}",
    booktitle="EMNLP 2011"
}

@INPROCEEDINGS{LLMap2009, 
 author={Yichun Xie and Aristar-Dry, H. and Aristar, A. and Lockwood, H. and Thompson, J. and Parker, D. and Cool, B.}, 
 booktitle={Computer Science and Information Technology, 2009. IMCSIT '09. International Multiconference on}, 
 title={Language and Location: Map Annotation Project - A GIS-based infrastructure for linguistics information management}, 
 year={2009}, 
 month={oct.}, 
 volume={}, 
 number={}, 
 pages={305 -311}, 
 keywords={GIS;LL-MAP;Language and Location-Map Annotation Project;US National Science Foundation;Web based geographical information system;computational linguistics;cultural data;digital gazetteers quick search;geographic data;linguistic information;linguistic studies;linked visualization;multi-layered visualization;online data harvesting;spatial data engine driven architecture;toponymical analysis;Internet;computational linguistics;geographic information systems;search engines;visual databases;}, 
 doi={10.1109/IMCSIT.2009.5352710}, 
 url = {http://www.llmap.org},
 url = {http://ieeexplore.ieee.org/stamp/stamp.jsp?tp=&arnumber=5352710},
 ISSN={}
}

@InProceedings{poornima2010modeling,
  author    = {Poornima, Shakthi  and  Good, Jeff},
  title     = {Modeling and Encoding Traditional Wordlists for Machine Applications},
  booktitle = {Proc.  2010 Workshop on NLP and Linguistics: Finding the Common Ground},
  month     = {July},
  year      = {2010},
  address   = {Uppsala, Sweden},
  publisher = {Association for Computational Linguistics},
  pages     = {1--9},
  url       = {http://www.aclweb.org/anthology/W10-2101}
}

@InProceedings{bouma:2010:LAW,
  author    = {Bouma, Gerlof},
  title     = {Syntactic Tree Queries in Prolog},
  booktitle = {Proceedings of the Fourth Linguistic Annotation Workshop},
  month     = {July},
  year      = {2010},
  address   = {Uppsala, Sweden},
  publisher = {Association for Computational Linguistics},
  pages     = {212--216},
  url       = {http://www.aclweb.org/anthology/W10-1834}
}

@book{Ethnologue2009,
    editor={M. Paul Lewis},
    title={Ethnologue: Languages of the World},
    year = {2009},
    edition = {16},
    isbn = {978-1-55671-216-6},
    address = {Dallas},
    publisher = {SIL}
}

@book{Ethnologue,
    editor={M. Paul Lewis},
    title={Ethnologue: Languages of the World},
    year = {2009},
    edition = {16},
    isbn = {978-1-55671-216-6},
    address = {Dallas},
    publisher = {SIL}
}

@inproceedings{koehn2005europarl,
  title={Europarl: A parallel corpus for statistical machine translation},
  author={Koehn, P.},
  booktitle={MT summit},
  volume={5},
  year={2005}
}

@incollection{tiedemann09-opus,
	author="Jörg Tiedemann", year="2009",
    title="News from {OPUS} - {A} Collection of Multilingual Parallel Corpora with Tools and Interfaces",
    editor="N. Nicolov and K. Bontcheva and G. Angelova and R. Mitkov",
	booktitle="Recent Advances in Natural Language Processing (Volume V)", 
	pages="237-248", 
	publisher="John Benjamins", 
	address="Amsterdam/Philadelphia"
}

@inproceedings{ide2010manually,
  title={The {Manually Annotated Sub-Corpus: A} community resource for and by the people},
  author={Ide, N. and Fellbaum, C. and Baker, C. and Passonneau, R.},
  booktitle={Proceedings of the ACL 2010 Conference Short Papers},
  pages={68--73},
  year={2010},
  organization={Association for Computational Linguistics}
}

@inproceedings{cimiano2007lexonto,
  title={LexOnto: A model for ontology lexicons for ontology-based NLP},
  author={Cimiano, P. and Haase, P. and Herold, M. and Mantel, M. and Buitelaar, P.},
  booktitle={Proceedings of the OntoLex07 Workshop held in conjunction with ISWC},
  volume={7},
  year={2007}
}

@inproceedings{van2006conversion,
  title={Conversion of {WordNet} to a standard {RDF/OWL} representation},
  author={Van Assem, M. and Gangemi, A. and Schreiber, G.},
  booktitle={Proceedings of the Fifth International Conference on Language Resources and Evaluation LREC’06},
  year={2006},
  organization={Citeseer}
}

@article{suchanek2008yago,
  title={Yago: A large ontology from wikipedia and wordnet},
  author={Suchanek, F.M. and Kasneci, G. and Weikum, G.},
  journal={Web Semantics: Science, Services and Agents on the World Wide Web},
  volume={6},
  number={3},
  pages={203--217},
  year={2008},
  publisher={Elsevier}
}

@incollection{meyer2010worth,
  title={Worth its Weight in Gold or Yet Another Resource -- {A} Comparative Study of {Wiktionary, OpenThesaurus and GermaNet}},
  author = {Meyer, Christian and Gurevych, Iryna},
   booktitle = {Computational Linguistics and Intelligent Text Processing},
   editor = {Gelbukh, Alexander},
   pages={38--49},
  year={2010},
  publisher={Springer}
}

@article{picca2008lmm,
  title={{LMM: An OWL-DL} metamodel to represent heterogeneous lexical knowledge},
  author={Picca, D. and Gliozzo, A.M. and Gangemi, A.},
  journal={Proceedings of LREC, Marrakech, Morocco},
  year={2008}
}

@InProceedings{lewis-munro-vogel:2011:WMT,
  author    = {Lewis, William  and  Munro, Robert  and  Vogel, Stephan},
  title     = {Crisis MT: Developing A Cookbook for MT in Crisis Situations},
  booktitle = {Proceedings of the Sixth Workshop on Statistical Machine Translation},
  month     = {July},
  year      = {2011},
  address   = {Edinburgh, Scotland},
  publisher = {Association for Computational Linguistics},
  pages     = {501--511},
  url       = {http://www.aclweb.org/anthology/W11-2164}
}
 
@book{Springer-llod,	
	title="Linked Data in Linguistics. Representing Language Data and Metadata",
	editor="Christian Chiarcos and Sebastian Nordhoff and Sebastian Hellmann",
	year="2012",
	publisher="Springer", 
	note="companion volume of the Workshop on Linked Data in Linguistics
	2012 (LDL-2012), held in conjunction with the 34th Annual Meeting of
	the German Linguistic Society (DGfS), March 2012, Frankfurt/M.,
	Germany"
}

@incollection{ldl-bouda,
	author="Peter Bouda and Michael Cysouw",
	title="Treating Dictionaries as a {Linked-Data} Corpus",
	year="2012",
	pages="15-23",
	crossref="Springer-llod"
}

@incollection{ldl-declerck,
	author="Thierry Declerck and Piroska Lendvai and Karlheinz Mörth and Gerhard Budin and Tamás Váradi",
	title="Towards {Linked Language Data}  for {Digital Humanities}",
	year="2012",
	pages="109-116",
	crossref="Springer-llod"
}

@incollection{ldl-moran,
	author="Steven Moran",
	title="Using {Linked Data} to create a typological knowledge base",
	year="2012",
	pages="129-138",
	crossref="Springer-llod"
}


@incollection{ldl-hellmann,
	author="Sebastian Hellmann and Claus Stadler and Jens Lehmann",
	title="The German DBpedia: A Sense Repository for Linking Entities",
	year="2012",
	pages="181-190",
	crossref="Springer-llod"
}

@incollection{WALS,
    author = {Matthew S. Dryer},
    editor = {Bernard Comrie and Matthew S. Dryer and David Gil and Martin Haspelmath},
    title = {World Atlas of Language Structures},
    publisher = {Oxford University Press},
    year = {2005}    
}


@Book{Thompson1955,
 author    = "Stith {Thompson}",
 title     = "  Motif-index of folk-literature: A classification of narrative elements in folktales, ballads, myths, fables, medieval romances, exempla, fabliaux, jest-books, and local legends.",
 publisher = " Indiana University Press",
 year      =  "1955-58",
 address   = " Bloomington",
}

@BOOK{APICS,
editor = {Michaelis, Susanne and Maurer, Philippe and Haspelmath, Martin and Huber, Magnus},
year = {in preparation},
title = {Atlas of Pidgin and Creole Language Structures},
address =  {Oxford},
publisher = {Oxford University Press}
}


@techreport{Lassila98resourcedescription,
    author= {Lassila, Ora  and Swick, Ralph R.},
    institution="World Wide Web Consortium",
    title = {{Resource Description Framework (RDF)} Model and Syntax Specification},
    year = {1999},
    howpublished="\url{http://www.w3.org/TR/1999/REC-rdf-syntax-19990222}"
}


@techreport{mcguinness2004owl,
  title={{OWL Web Ontology Language} overview. W3C recommendation},
  author={McGuinness, D.L. and Van Harmelen, F.},
  institution="World Wide Web Consortium",
  howpublished="\url{http://www.w3.org/TR/owl-features}",
  year={2004}
}


@techreport{owl2,
	author="{W3C OWL Working Group}",
	title="{OWL 2 Web Ontology Language}. Document Overview. {W3C Recommendation}",
	year="2009",
	howpublished="\url{http://www.w3.org/TR/owl2-overview}",
	institution="World Wide Web Consortium"
}


@incollection{baader2005description,
  title={Description logics as ontology languages for the {Semantic Web}},
  author = {Baader, Franz and Horrocks, Ian and Sattler, Ulrike},
   booktitle={Mechanizing Mathematical Reasoning},
  editor = {Hutter, Dieter and Stephan, Werner},
   publisher = {Springer Berlin / Heidelberg},
   pages = {228-248},
   year={2005},
}


@techreport{miles2008skos,
  title={{SKOS Simple Knowledge Organization System} reference. {W3C Recommendation}},
  author={Miles, A. and Bechhofer, S.},
  year={2009},
  institution={World Wide Web Consortium},
  howpublished="\url{http://www.w3.org/TR/skos-reference}",
}

@incollection{chiarcos-2012-ldl-powla,
	author="Christian Chiarcos",
	title="Interoperability of Corpora and Annotations",
	year="2012",
	note="p. 161-179",
	publisher="Springer",
	editor="Christian Chiarcos and Sebastian Nordhoff and Sebastian Hellmann",
	booktitle="Linked Data in Linguistics"
}

@inproceedings{francopoulo2006lexical,
  title={Lexical markup framework (LMF)},
  author={Francopoulo, G. and George, M. and Calzolari, N. and Monachini, M. and Bel, N. and Pet, M. and Soria, C. and others},
  booktitle={Proceedings of the 5th International Conference on Language Resources and Evaluation (LREC 2006)},
  address="Genoa, Italy",
  month="May",
  year={2006}
}

