@INPROCEEDINGS{cl:Roselletal,
 author = {Magnus Rosell and Martin Hassel and Viggo Kann},
 title = {Global Evaluation of Random Indexing through Swedish Word Clustering compared to the People's Dictionary of Synonyms},
 booktitle = {Proceedings of RANLP 2009},
 year = {2009}
}
@misc{Hammarstrom2012GSLT,
 author = {Harald Hammarstr\"om},
 title = {Technologies for Searching and Browsing in Descriptive Grammars},
 howpublished = {Paper presented at the annual conference of the Graduate School of Language Technology (GSLT), Gothenburg, Sweden},
 year = {2012}
}
@incollection{typ:WALS:Intro,
    author = {Bernard Comrie and Matthew S. Dryer and David Gil and Martin Haspelmath},
    editor = {Bernard Comrie and Matthew S. Dryer and David Gil and Martin Haspelmath},
    title = {Introduction},
    booktitle = {World Atlas of Language Structures},
    publisher = {Oxford University Press},
    pages = {1-8},
    year = {2005},
    glotto_id = {14146},
    hhtype = {specific_feature},
    inlg = {English [eng]}
}
@incollection{el:Krauss:Extinction,
    author = {Michael E. Krauss},
    editor = {O. Miyaoka and O. Sakiyama and M. Krauss},
    title = {Mass Language Extinction and Documentation: The Race against Time},
    booktitle = {Vanishing Languages of the Pacific Rim},
    publisher = {Oxford University Press},
    pages = {3-24},
    year = {2007},
    glotto_id = {94656},
    hhtype = {socling},
    inlg = {English [eng]}
}
@incollection{cl:Hammarstrom:CLEF2011,
  author = 	 {Harald Hammarstr\"om},
  title = 	 {Automatic Annotation of Bibliographical References for Descriptive Language Materials},
  booktitle = {Proceedings of the CLEF 2011 Conference on Multilingual and Multimodal Information Access Evaluation},
  editor = {Pamela Forner and Julio Gonzalo and Jaana Kek\"al\"ainen and Mounia Lalmas and Maarten de Rijke},
  publisher = {Berlin: Springer},
  series = {LNCS},
  volume = {6941},
  pages = {62-73},
  year =	 2011
}




@article{ChiarcosEtAl2012tal,
  title= {Towards a Linguistic Linked Open Data cloud: The
Open Linguistics Working Group},
  author = {Christian Chiarcos and Sebastian Hellmann and Sebastian Nordhoff},
  journal ={Traitement Automatique du Langage},
  year={2012}
}


@incollection{Nordhoff2012ldlglottolog,
    title={Linked Data for Linguistic Diversity Research: Glottolog/Langdoc and
ASJP Online},
    author={Sebastian Nordhoff},
    crossref ={procLDL2012},
    pages={191-200},
    year={2012}
}


@incollection{ChiarcosEtAl2012ldlexamples,
  title= {Linking Linguistic Resources: Examples from the Open Linguistics
Working Group},
  author = {Christian Chiarcos and Sebastian Hellmann and Sebastian Nordhoff},
  crossref ={procLDL2012},
  year={2012},
  pages ={201-216},
}

@incollection{HammarstroemEtAl2012melanesia,
  title={Achievements and Challenges in the Description of the Languages of Melanesia},
  author={Harald Hammarstr\"om and Sebastian Nordhoff},
  booktitle={Melanesian languages on the Edge of Asia},
  note={Special Issue of Language Documentation \& Conservation},
  editor={Marian Klamer and Nick Evans},
  year={in press}
}
 
@misc{Hammarstroem2012Stockholm,
title={Technologies for Searching and Browsing in Descriptive Grammars},
author={Harald Hammarstr\"om},
howpublished={FIXME},
year={2012}
}

@book{procLDL2012,
  title="Linked Data in Linguistics. Representing Language Data and Metadata",
  editor="Christian Chiarcos and Sebastian Nordhoff and Sebastian Hellmann",
  publisher="Springer",
  year="2012",
  note="companion volume of the Workshop on Linked Data in Linguistics
  2012 (LDL-2012), held in conjunction with the 34th Annual Meeting of
  the German Linguistic Society (DGfS), March 2012, Frankfurt/M.,
  Germany"
}

@misc{NordhoffEtAl2011alt,
  title={Countering bibliographical bias with LangDoc, a bibliographical database for lesser-known languages},
  author ={Sebastian Nordhoff and Harald Hammarstr\"om},
  howpublished = {Paper presented at ALT 9, Hong Kong, July 2011},
  year = {2011}
}
 
@phdthesis{Hammarstroem2009,
author = {Harald Hammarstr\"om},
title = {Unsupervised Learning of Morphology and the Languages of the World},
school = {Chalmers University of Technology and University of Gothenburg},
year = {2009}
}


@MISC{BernersLee2006,
  author = {Tim Berners-Lee},
  title = {Linked data},
  month = {07},
  year = {2006},
  owner = {sebastian_nordhoff},
  timestamp = {2011.08.25},
  howpublished = {http://www.w3.org/DesignIssues/LinkedData.html}
}


@BOOK{HeathEtAl2011,
  author = {Tom Heath and Christian Bizer},
  year = {2011},
  title = {Linked Data - Evolving the Web into a Global Data Space},
  address = {San Rafael},
  publisher = {Morgan \& Claypool},
  owner = {sebastian_nordhoff},
  timestamp = {2011.08.25}
}


@book{WALS, 
    editor = {Bernard Comrie and Matthew S. Dryer and David Gil and Martin Haspelmath},
    title = {World Atlas of Language Structures},
    publisher = {Oxford University Press},
    pages = {584-644},
    year = {2005},
    hhtype = {overview;comparative}
}


@Incollection{Odin2006,
author = {Lewis, W. D.},
year = {2006},
title = {ODIN: A Model for Adapting and Enriching Legacy Infrastructure},
booktitle ={Proceedings of the e-Humanities Workshop, held in cooperation with e-Science 2006: 2nd IEEE International Conference on e-Science and Grid Computing},
address = {Amsterdam},
url= {http://faculty.washington.edu/wlewis2/papers/ODIN-eH06.pdf},
note= {online version available at http://www.csufresno.edu/odin/}
}

@inproceedings{OLAC-Bird,
 author = {Bird, Steven and Simons, Gary},
 title = {The OLAC metadata set and controlled vocabularies},
 booktitle = {Proceedings of the ACL 2001 Workshop on Sharing Tools and Resources - Volume 15},
 series = {STAR '01},
 year = {2001},
 location = {France},
 pages = {7--18},
 numpages = {12},
 url = {http://dx.doi.org/10.3115/1118062.1118065},
 note = {Online version http://www.language-archives.org},
 doi = {http://dx.doi.org/10.3115/1118062.1118065},
 acmid = {1118065},
 publisher = {Association for Computational Linguistics},
 address = {Stroudsburg, PA, USA},
} 
 
@inproceedings{DeMeloEtAl2008lexvo,
  author    = {Gerard de Melo and Gerhard Weikum},
  title     = {Language as a Foundation of the {Semantic Web}},
  editor    = {Christian Bizer and Anupam Joshi},
  booktitle = {Proceedings of the Poster and Demonstration Session at the 7th {International Semantic Web Conference} ({ISWC} 2008)},
  series    = {{CEUR WS}},
  volume    = {401},
  publisher = {{CEUR}},
  year      = {2008},
  address   = {Karlsruhe, Germany}
}

@conference{farrar2003markup,
  title={{Markup and the GOLD ontology}},
  author={Farrar, S. and Langendoen, D.T.},
  booktitle={EMELD Workshop on Di\-gi\-ti\-zing and Annotating Text and Field Recordings},
  publisher="Michigan State University",
  month="July",
  myurl="http://emeld.org/workshop/2003/proceeding03.html#papers",
  year={2003},
}


@book{Lewis2009,
    editor={M. Paul Lewis},
    title={Ethnologue: Languages of the World},
    year = {2009},
    edition = {16},
    isbn = {978-1-55671-216-6},
    address = {Dallas},
    publisher = {SIL}
}


@ARTICLE{w:Cridland:Mahigi,
  author = {Cridland, E.},
  year = {1924},
  title = {Vocabulary of Mahigi},
  journal = {British New Guinea Annual Report},
  volume = {1923-1924},
  pages = {58-58},
  fn = {papua\cridland_mahigi1924.pdf},
  hhtype = {wordlist},
  lgcode = {Mahigi close to Tao Suamato lingustically on map very close to Hoyahoya
	[hhy]},
  macro_area = {Papua}
}


@INCOLLECTION{Bakker2011sampling,
  author = {Dik Bakker},
  year = {2011},
  title = {Language sampling},
  booktitle = {Handbook of Linguistic Typology},
  editor = {Jae Jung Song},
  address = {Oxford},
  publisher = {OUP},
  owner = {sebastian_nordhoff},
  timestamp = {2010.11.13}
}


@ARTICLE{RijkhoffEtAl1998sampling,
  author = {Rijkhoff, J. and Bakker, D.},
  year = {1998},
  title = {Language sampling},
  journal = {Linguistic Typology},
  volume = {2-3},
  pages = {263-314},
  owner = {sebastian_nordhoff},
  timestamp = {2010.11.13}
}


@book{h:Maho:Country,
    author = {Maho, Jouni},
    title = {African Languages Country by Country: A Reference Guide},
    publisher = {Department of Oriental and African Languages, G\"oteborg University},
    series = {G\"oteborg Africana Informal Series},
    volume = {1},
    year = {2001},
    edition = {5},
    glotto_id = {87808},
    hhtype = {overview},
    macro_area = {Africa}
}

@misc{h:Fabre:2005,
    author = {Alain Fabre},
    title = {Diccionario Etnoling\"u\'istico y gu\'ia Bibliogr\'afica de los Pueblos Indigenas Sudamericanos},
    year = {2005},
    howpublished = {Book in Progress at \url{http://butler.cc.tut.fi/~fabre/BookInternetVersio/Alkusivu.html} accessed May 2005.},
    inlg = {Spanish [spa]},
}


@INPROCEEDINGS{LLMap2009, 
 author={Yichun Xie and Aristar-Dry, H. and Aristar, A. and Lockwood, H. and Thompson, J. and Parker, D. and Cool, B.}, 
 booktitle={Computer Science and Information Technology, 2009. IMCSIT '09. International Multiconference on}, 
 title={Language and Location: Map Annotation Project - A {GIS}-based infrastructure for linguistics information management}, 
 year={2009}, 
 month={oct.}, 
 volume={}, 
 number={}, 
 pages={305 -311}, 
 keywords={GIS;LL-MAP;Language and Location-Map Annotation Project;US National Science Foundation;Web based geographical information system;computational linguistics;cultural data;digital gazetteers quick search;geographic data;linguistic information;linguistic studies;linked visualization;multi-layered visualization;online data harvesting;spatial data engine driven architecture;toponymical analysis;Internet;computational linguistics;geographic information systems;search engines;visual databases;}, 
 doi={10.1109/IMCSIT.2009.5352710}, 
 note = {online version at http://www.llmap.org},
 url = {http://ieeexplore.ieee.org/stamp/stamp.jsp?tp=\&arnumber=5352710},
 ISSN={},
}

@article{PrudhommeauxEtAl2008, 
  title={SPARQL Query Language for RDF}, 
  volume={4}, 
  url={http://www.w3.org/TR/rdf-sparql-query/}, 
  number={January}, 
  journal={W3C working draft}, 
  author={Prudʼhommeaux, Eric and Seaborne, Andy}, 
  year={2008}
}

@inproceedings{Hammarstroem2008,
 author = {Harald Hammarstr\"om},
 title = {Automatic Annotation of Bibliographical References with Target Language},
 booktitle = {Proceedings of MMIES-2: Workshop on Multi-source, Multilingual Information Extraction and Summarization},
 publisher = {ACL},
 pages = {57-64},
 year = {2008}
}
@Misc{b:Maho:EBALL,
  author = 	 {Jouni F. Maho},
  title = 	 {User guide to {EBALL}},
  howpublished = {Document (version 19 May 2010) posted at \url{http://goto.glocalnet.net/eball/eballguide.pdf} accessed 3 March 2012.},
  pages = 201,
  year = 	 2010
}
