% This file was created with JabRef 2.5.
% Encoding: Cp1252

@INCOLLECTION{AnsaldoEtAl2009age,
  author = {Umberto Ansaldo and Sebastian Nordhoff},
  year = {2009},
  title = {Complexity and the age of languages},
  booktitle = {Complex processes in new languages},
  editor = {Enoch O. Aboh and N. Smith},
  address = {Amsterdam},
  publisher = {John Benjamins},
  lgcode={[sci] [cmn] [och]},
  timestamp = {2009.04.29}
}

@UNPUBLISHED{AnsaldoEtAl2006SWL,
  author = {Umberto Ansaldo and Sebastian Nordhoff},
  title = {The role of typological pressure in contact-induced restructuring},
  note = {paper presented at the conference Syntax of the World's Languages
	II, Lancaster, UK},
  year = {2006},
  month = {September},
  lgcode={[sci] [sin] [tam]},
  timestamp = {2007.08.08}
}
 

@UNPUBLISHED{ApoussidouEtAl2008,
  author = {Diana Apoussidou and Sebastian Nordhoff},
  title = {Feet in Sri Lanka Malay -- no stress please},
  note = {Paper presented at OCP 5, January 2008, Toulouse},
  year = {2008},
  lgcode={[sci]},
  timestamp = {2009.01.07}
}

@INCOLLECTION{HammarstroemEtAlfcMelanesia,
  author = {Harald Hammarstr\"om and Sebastian Nordhoff},
  year = {fc},
  title = {Achievements and Challenges in the Description of the Languages of
	Melanesia},
  booktitle = {Papers from the Manokwari conference},
  editor = {Marian Klamer and Nick Evans},
  series = {LDC},
  lgcode={},
  timestamp = {2011.10.20}
}

@UNPUBLISHED{HammarstroemEtAl2011Howmany,
  author = {Hammarstr\"om, Harald and Nordhoff, Sebastian},
  title = {How many languages have so far been described?},
  note = {Paper presented at NWO Endangered Languages Programme Conference,
	Leiden, April 2011},
  year = {2011},
  lgcode={},
  timestamp = {2011.10.20}
}

@ARTICLE{HammarstroemEtAl2011Oslo,
  author = {Harald Hammarstr\"om and Sebastian Nordhoff},
  year = {2011},
  title = {LangDoc: Bibliographic Infrastructure for Linguistic Typology},
  journal = {Oslo Studies in Language},
  volume = {3},
  number = {2},
  pages = {31-43},
  lgcode={},
  timestamp = {2011.10.24},
  url = {https://www.journals.uio.no/index.php/osla/article/view/75/199}
}

@INCOLLECTION{NitzEtAl2010,
  author = {Eike Nitz and Sebastian Nordhoff},
  year = {2010},
  title = {Subtractive Plural Morphology in Sinhala},
  booktitle = {Rara \& Rarissima. Collecting and interpreting unusual characteristics
	of human languages},
  editor = {Jan Wohlgemuth and Michael Cysouw},
  address = {Berlin},
  publisher = {Mouton de Gruyter},
  pages = {247-266},
  lgcode={[sin]},
  timestamp = {2007.08.08}
}

@INCOLLECTION{Nordhofffcjoat,
  author = {Sebastian Nordhoff},
  year = {forthcoming},
  title = {Jack-of-all-trades: The Sri Lankan Malay property word},
  booktitle = {Flexible word classes: a typological study of underspecified parts-of-speech},
  editor = {van Lier, Eva and Rijkhoff, Jan},
  address = {Oxford},
  publisher = {OUP},
  month = {April},
  note = {Paper presented at the Workshop on flexible languages, Amsterdam},
  lgcode={[sci]},
  timestamp = {2007.08.08}
}

@INCOLLECTION{Nordhofffcfufomp,
  author = {Sebastian Nordhoff},
  year = {forthcoming},
  title = {The grammatical description as a collection of form-meaning pairs},
  booktitle = {Electronic Grammaticography},
  editor = {Sebastian Nordhoff},
  address = {Manoa},
  publisher = {University of Hawai'i Press},
  lgcode={},
  timestamp = {2011.08.25}
}

@ARTICLE{Nordhofffcsvc,
  author = {Sebastian Nordhoff},
  year = {forthcoming},
  title = {Multi-verb constructions in Sri Lanka Malay},
  journal = {Journal of Pidgin and Creole Languages},
  lgcode={[sci] [sin] [tam]},
  timestamp = {2011.03.24}
}

@ARTICLE{Nordhofffctransparency,
  author = {Nordhoff, Sebastian},
  year = {fc},
  title = {Transparency in Sri Lanka Malay},
  journal = {Linguistics in Amsterdam},
  volume = {99},
  number = {99},
  lgcode={[sci]},
  timestamp = {2011.03.24}
}

@ARTICLE{Nordhoff2011copula,
  author = {Sebastian Nordhoff},
  year = {2011},
  title = {Having come to be a copula in Sri Lanka Malay -- an unusual grammaticalization
	path},
  journal = {Folia Linguistica},
  volume = {45},
  number = {1},
  pages = {103-126},
  lgcode={[sci] [sin] [tam] [ind]},
  timestamp = {2011.03.24}
}

@MISC{Nordhoff2010ismil,
  author = {Nordhoff, Sebastian},
  title = {Sinhala influence in Sri Lanka Malay},
  howpublished = {Paper presented at ISMIL XIV, University of Minnesota},
  month = {May},
  year = {2010},
  lgcode={[sci] [sin] [tam]},
  timestamp = {2010.10.13}
}

@UNPUBLISHED{Nordhoff2010valency,
  author = {Nordhoff, Sebastian},
  title = {No Valency Classes in Sri Lanka Malay},
  note = {Paper presented at the workshop on valency classes, Max Planck Institute
	for Evolutionary Anthropology, Leipzig, August 2010.},
  year = {2010},
  lgcode={[sci]},
  timestamp = {2011.03.24}
}

@PHDTHESIS{Nordhoff2009phd,
  author = {Sebastian Nordhoff},
  title = {A Grammar of Upcountry Sri Lanka Malay},
  school = {University of Amsterdam},
  lgcode={[sci]},
  year = {2009}
}

@ARTICLE{Nordhoff2008jldc,
  author = {Sebastian Nordhoff},
  year = {2008},
  title = {Electronic reference grammars for typology -- challenges and solutions},
  journal = {Journal for Language Documentation and Conservation},
  volume = {2},
  number = {2},
  pages = {296--324},
  lgcode={},
  timestamp = {2009.05.15}
}

@UNPUBLISHED{Nordhoff2007alt,
  author = {Sebastian Nordhoff},
  title = {Grammar writing in the Electronic Age},
  note = {Paper presented at the ALT VII conference in Paris},
  year = {2007},
  lgcode={},
  timestamp = {2009.05.15}
}

@UNPUBLISHED{Nordhoff2007dobes,
  author = {Sebastian Nordhoff},
  title = {Growing a grammar with GALOES},
  note = {Paper presented at the Dobes workshop at the MPI Nijmegen},
  year = {2007},
  lgcode={},
  timestamp = {2009.05.15}
}

@UNPUBLISHED{Nordhoff2007mpi,
  author = {Sebastian Nordhoff},
  title = {The grammar authoring system GALOES},
  note = {Paper presented at the workshop ``Wikifying research'' at the MPI
	Leipzig},
  year = {2007},
  lgcode={},
  timestamp = {2009.05.15}
}

@UNPUBLISHED{Nordhoff2007slmpos,
  author = {Sebastian Nordhoff},
  title = {Jack-of-all-trades: The Sri Lankan Malay property word},
  note = {Paper presented at the Workshop on flexible languages, Amsterdam},
  year = {2007},
  month = {April},
  lgcode={[sci]},
  timestamp = {2007.08.08}
}

@UNPUBLISHED{Nordhoff2007spcl,
  author = {Sebastian Nordhoff},
  title = {Vowel quantity in Sri Lanka Malay},
  note = {paper presented at the Joint Summer Meeting of the SPCL and the ACBLPE
	2007},
  year = {2007},
  lgcode={[sci]},
  timestamp = {2007.08.08}
}

@INPROCEEDINGS{NordhoffEtAl2011iswc,
  author = {Sebastian Nordhoff and Harald Hammarstr\"om},
  title = {Glottolog/Langdoc: Defining dialects, languages, and language families
	as collections of resources},
  booktitle = {Proceedings of ISWC 2011},
  year = {2011},
  lgcode={},
  timestamp = {2011.10.12},
  url = {http://iswc2011.semanticweb.org/fileadmin/iswc/Papers/Workshops/LISC/nordhoff.pdf}
}

@UNPUBLISHED{NordhoffEtAl2007alt,
  author = {Nordhoff, Sebastian and Slomanson, Peter},
  title = {Independent development in a mixed language},
  note = {Paper presented at the conference Variation and change in contact
	settings, Universit\'e de Paris},
  year = {2007},
  lgcode={[sci] [sin] [tam]},
  timestamp = {2010.11.09}
}

@article{ChiarcosEtAl2012tal,
  title= {Towards a Linguistic Linked Open Data cloud: The
Open Linguistics Working Group},
  author = {Christian Chiarcos and Sebastian Hellmann and Sebastian Nordhoff},
  journal ={Traitement Automatique du Langage},
  year={2012}
}