@article{HammarstroemEtAl2011oslo,
    journal="Oslo Studies in Language", volume="3", number="2", year="2011",
    title="LangDoc: Bibliographic Infrastructure for Linguistic Typology",
    author={Hammarstr\"om, Harald and Nordhoff, Sebastian},
    editor="J. B. Johannessen",
    note="Language Variation Infrastructure",
    pages="31-43"
}

@inproceedings{ling:GoodHendryx:Categorization,
    author = {Good, Jeff and Calvin Hendryx-Parker},
    title = {Modeling Contested Categorization in Linguistic Databases},
    year = {2006},
    booktitle = {Proceedings of the EMELD Workshop on Digital Language Documentation},
    address = {East Lansing, Michigan}
}

@ARTICLE{ASJP2008,
  author = {Brown, Cecil H. and Eric W. Holman and Soren Wichmann and Viveka
	Velupillai.},
  year = {2008},
  title = {Automated classification of the world's languages: A description of the method and preliminary results},
  journal = {STUF},
  volume = {61},
  number = {4},
  pages = {286-308},
  owner = {snordhoff},
  timestamp = {2011.10.12}
}

@INPROCEEDINGS{NordhoffEtAl2011iswc,
  author = {Sebastian Nordhoff and Harald Hammarstr\"om},
  title = {{Glottolog/Langdoc: Defining} dialects, languages, and language families  collections of resources},
  booktitle = {Proceedings of ISWC 2011},
  year = {2011},
  owner = {snordhoff},
  timestamp = {2011.10.12},
  url = {http://iswc2011.semanticweb.org/fileadmin/iswc/Papers/Workshops/LISC/nordhoff.pdf}
}




@INPROCEEDINGS{LLMap2009, 
 author={Yichun Xie and Aristar-Dry, H. and Aristar, A. and Lockwood, H. and Thompson, J. and Parker, D. and Cool, B.}, 
 booktitle={Computer Science and Information Technology, 2009. IMCSIT '09. International Multiconference on}, 
 title={Language and Location: Map Annotation Project - A {GIS}-based infrastructure for linguistics information management}, 
 year={2009}, 
 month={oct.}, 
 volume={}, 
 number={}, 
 pages={305 -311}, 
 keywords={GIS;LL-MAP;Language and Location-Map Annotation Project;US National Science Foundation;Web based geographical information system;computational linguistics;cultural data;digital gazetteers quick search;geographic data;linguistic information;linguistic studies;linked visualization;multi-layered visualization;online data harvesting;spatial data engine driven architecture;toponymical analysis;Internet;computational linguistics;geographic information systems;search engines;visual databases;}, 
 doi={10.1109/IMCSIT.2009.5352710}, 
 note = {online version at http://www.llmap.org},
 url = {http://ieeexplore.ieee.org/stamp/stamp.jsp?tp=\&arnumber=5352710},
 ISSN={},
}

@Book{Lewis2009,
  editor =       {Lewis, M.P.},
  title =        {Ethnologue: Languages of the World, Sixteenth edition},
  publisher =    {SIL International},
  year =         2009,
  address =      {Dallas},
  note =         {Online version available at http://www.ethnologue.com/. Accessed on 2011-11-27.}
}

@Incollection{Odin2006,
author = {Lewis, W. D.},
year = {2006},
title = {ODIN: A Model for Adapting and Enriching Legacy Infrastructure},
booktitle ={Proceedings of the e-Humanities Workshop, held in cooperation with e-Science 2006: 2nd IEEE International Conference on e-Science and Grid Computing},
address = {Amsterdam},
url= {http://faculty.washington.edu/wlewis2/papers/ODIN-eH06.pdf},
note= {online version available at http://www.csufresno.edu/odin/}
}

@inproceedings{OLAC-Bird,
 author = {Bird, Steven and Simons, Gary},
 title = {The OLAC metadata set and controlled vocabularies},
 booktitle = {Proceedings of the ACL 2001 Workshop on Sharing Tools and Resources - Volume 15},
 series = {STAR '01},
 year = {2001},
 location = {France},
 pages = {7--18},
 numpages = {12},
 url = {http://dx.doi.org/10.3115/1118062.1118065},
 note = {Online version http://www.language-archives.org},
 doi = {http://dx.doi.org/10.3115/1118062.1118065},
 acmid = {1118065},
 publisher = {Association for Computational Linguistics},
 address = {Stroudsburg, PA, USA},
} 
 
@inproceedings{DeMeloEtAl2008lexvo,
  author    = {Gerard de Melo and Gerhard Weikum},
  title     = {Language as a Foundation of the {Semantic Web}},
  editor    = {Christian Bizer and Anupam Joshi},
  booktitle = {Proceedings of the Poster and Demonstration Session at the 7th {International Semantic Web Conference} ({ISWC} 2008)},
  series    = {{CEUR WS}},
  volume    = {401},
  publisher = {{CEUR}},
  year      = {2008},
  address   = {Karlsruhe, Germany}
}

@conference{farrar2003markup,
  title={{Markup and the GOLD ontology}},
  author={Farrar, S. and Langendoen, D.T.},
  booktitle={EMELD Workshop on Di\-gi\-ti\-zing and Annotating Text and Field Recordings},
  publisher="Michigan State University",
  month="July",
  myurl="http://emeld.org/workshop/2003/proceeding03.html#papers",
  year={2003},
}


@book{Ethnologue2009,
    editor={M. Paul Lewis},
    title={Ethnologue: Languages of the World},
    year = {2009},
    edition = {16},
    isbn = {978-1-55671-216-6},
    address = {Dallas},
    publisher = {SIL}
}

@article{HolmanEtAl2011currentanthropology,
    year = {2011},
    author = {Holman, Eric W. and Cecil H. Brown and Søren Wichmann and André Müller and Viveka Velupillai and Harald Hammarström and Sebastian Sauppe and Hagen Jung and Dik Bakker and Pamela Brown and Oleg Belyaev and Matthias Urban and Robert Mailhammer and Johann-Mattis List and  Dmitry Egorov},
    title = {Automated dating of the world's language families based on lexical similarity},
    journal = {Current Anthropology},
    volume = {52},
    issue = {6},
    pages = {841-875}
}

@misc{h:Fabre:2005,
    author = {Alain Fabre},
    title = {Diccionario Etnoling\"u\'istico y gu\'ia Bibliogr\'afica de los Pueblos Indigenas Sudamericanos},
    year = {2005},
    howpublished = {Book in Progress at \url{http://butler.cc.tut.fi/~fabre/BookInternetVersio/Alkusivu.html} accessed May 2005.},
    inlg = {Spanish [spa]},
}



@article{farrar2003linguistic,
  title={{A linguistic ontology for the semantic web}},
  author={Farrar, S. and Langendoen, D.T.},
  journal={Glot International},
  volume={7},
  number={3},
  pages={97--100},
  year={2003},
}


@misc{weibel98-dublin-core,
    author="S. Weibel and J. Kunze and C. Lagoze and and M. Wolf",
    title="{RFC 2413 - Dublin Core} Metadata for Resource Discovery",
    month="September", year="1998", howpublished="\url{http://www.isi.edu/in-notes/rfc2413.txt}"
}

@book{h:Maho:Country,
    author = {Maho, Jouni},
    title = {African Languages Country by Country: A Reference Guide},
    publisher = {Department of Oriental and African Languages, G\"oteborg University},
    series = {G\"oteborg Africana Informal Series},
    volume = {1},
    year = {2001},
    edition = {5},
    glotto_id = {87808},
    hhtype = {overview},
    macro_area = {Africa}
}
@incollection{WALS,
    author = {Matthew S. Dryer},
    editor = {Bernard Comrie and Matthew S. Dryer and David Gil and Martin Haspelmath},
    title = {Genealogical Language List},
    booktitle = {World Atlas of Language Structures},
    publisher = {Oxford University Press},
    pages = {584-644},
    year = {2005},
    hhtype = {overview;comparative}
}
