 
@incollection{Baraby2000,
	author="Baraby, Anne-Marie",
	year="2000",
	title={Developing a standard orthography or an oral language : the {I}nnu ({M}ontagnais) experiment},
	editor={In Nicholas Ostler and Blair Rudes},
	booktitle={Endangered languages and	literacy. {P}roceedings of the {F}ourth {F}{E}{L} {C}onference},
	pages={78-84},
	address={Bath (UK)},
	publisher={Foundation for Endangered Languages}
}


@incollection{Baraby2002,
	author="Baraby, Anne-Marie",
	year="2002",
	title={The process of spelling standardization of {I}nnu-{A}imun ({M}ontagnais)},
	editor={In Barbara Burnaby and Jon Allan Reyhner},
	booktitle={Indigenous languages across the community}, 
	pages={197-212},
	address={Flagstaff},
	publisher={Northern Arizona University Press.}
}

@book{Baraby2004,
	author="Baraby, Anne-Marie",
	year="2004",
	title={Guide de conjugaisons de la langue innue},
	edition = "2",
	address="Sept-\^Iles (QC)",
	publisher="Institut culturel et \'educatif montagnais",
}

@PHDthesis{Baraby2011a,
	author={Baraby, Anne{}-Marie},
	year="2011",
	title={Grammaticographie des langues minoritaires. {L}e cas de l'innu},
	school="Universit\'e Laval",
} 

@incollection{Baraby2011b,
	author="Baraby, Anne-Marie",
	year="2011",
	title="{L}'\'ecrit dans une langue de tradition orale: le cas de l'innu",
	editor=" Lynn Drapeau",
	booktitle={Les langues autochtones du {Q}u\'ebec: {U}n patrimoine en danger}, 
	pages={47-66},
	address={Quebec},
	publisher={Presses de l'Universit\'e du Qu\'ebec}
}

@book{BarabyEtAlfc,
	author="Baraby, Anne-Marie and Lynn Drapeau",
	year=" Forthcoming",
	title={Grammaire de r\'ef\'erence de l'innu},
}

@book{Dirven1990,
	author={Dirven, Ren\'e},
	year="1990",
	title={Pedagogical grammar},
	journal={Language Teaching}, 
	volume="23", 
	pages={1-18},
	address= {Cambridge},
	publisher = {Cambridge University Press}
}

@book{Dixon1997,
	author={Dixon, Robert M.~W},
	year="1997",
	title={The rise and fall of languages},
	address="Cambridge (UK)",
	publisher="Cambdrige University Press",
}

@book{Dixon2010,
	author={Dixon, Robert M.~W},
	year="2010",
	title={Basic linguistic theory},
	volume="1",
	address=" New York",
	publisher="Oxford University Press",
}

@incollection{Evans2006,
	author={Evans, Nicholas and Alan Dench},
	year="2006",
	title={Introduction: {C}atching language},
	editor={Felix~K. Ameka, Alan Dench and Nick Evans},
	title={Catching language: {T}he standing challenge of grammar writing}, 
	pages={1-39},
	address={Berlin},
	publisher={Mouton de Gruyter.}
}

@book{GippertEtAlEd2006,
	editor={Gippert, Jost and Nikolaus Himmelmann and Ulrike Mosel},
	year="2006",
	title={Essentials of language documentation},
	address="Berlin",
	publisher="Mouton de Gruyter"
}

@incollection{Lehmann1989,
	author={Lehmann, Christian},
	year="1989",
	title={Language description and general comparative grammar},
	editor={Gottfried Graustein and Gerhard Leitner},
	booktitle={Reference grammars and modern linguistic theory}, 
	pages={133-162},
	address={T\"ubingen},
	publisher={Niemeyer.}
}

@article{Mithun2006,
	author={Mithun, M},
	year="2006",
	title={Grammars and the community},
	editor={Thomas Payne and David Weber},
	booktitle={Perspectives on grammar writing},
	journal="Studies in language",
	volume ="30",
	issue = "2", 
	pages={281-306},
}

@article{Nordhoff2008,
	author={Nordhoff, Sebastian},
	year="2008",
	title={Electronic reference grammars for typology: {C}hallenges and solutions},
	journal={Language Documentation \& Conservation},
	volume="2",
	issue ="2", 
	pages={296-324},
	url={http://hdl.handle.net/10125/4352}
}


@article{Noonan2006,
	author={Noonan, Michael},
	year="2006",
	title={Grammar writing for a grammar-reading audience},
	editor={Thomas Payne and David Weber},
	booktitle={Perspectives on grammar writing},
	journal="Studies in language",
	volume ="30",
	issue = "2", 
	pages={351-365},
}

@article{Rice2006,
	author={Rice, Keren},
	year="2006",
	title={A typology of good grammars},
	editor={Thomas Payne and David Weber},
	booktitle={Perspectives on grammar writing},
	journal="Studies in language",
	volume ="30",
	issue = "2", 
	pages={385-415}
}

@book{GermainEtAl1995,
	author={Germain, Claude and Hubert S\'eguin},
	year="1995",
	title={Le point sur la grammaire en didactique des langues},
	address={Anjou (QC)},
	publisher= "CEC",
}

@book{Sinclair2004,
	editor={Sinclair, John},
	year="2004",
	title={Collins {C}obuild {E}nglish {G}rammar},
	address="Glasgow",
	publisher="Harper Collins Publishers",
}


@book{Valentine2001,
	author={Valentine, J. Randolph},
	year="2001",
	title={Nishnaabemwin reference grammar},
	address="Toronto",
	publisher="University of Toronto Press",
}

@misc{Weber2000,
	author={Weber, David J},
	year="2000",
	title={Reference~grammar for the computational age: {F}rom {G}leason files to {S}ci-{F}i grammar -- {L}inguistic exploration. {N}ew methods for creating, exploring and disseminating linguistic field data},
	url={http://www.ldc.upenn.edu/exploration/LSA/weber}
}
 

@ARTICLE{Weber2006grow,
  author = {David Weber},
  year = {2006},
  title = {Thoughts on growing a grammar},
  journal = {Studies in Language},
  volume = {30},
  number = {2},
  pages = {417-444},
  owner = {snordhoff},
  timestamp = {2006.05.02}
}

@ARTICLE{Weber2006ex,
  author = {David J. Weber},
  year = {2006},
  title = {The linguistic example},
  journal = {Studies in Language},
  volume = {30},
  number = {2},
  pages = {445-460},
  owner = {snordhoff},
  timestamp = {2006.05.02}
}
 

@incollection{Goddard1979,
      author={Goddard, Ives},
      year={1979},
      title={Comparative {A}lgonquian},
      editor={Lyle Campbell and Marianne Mithun},
      booktitle={The languages of native {A}merica},
      address={Austin},
      publisher={University of Texas Press},
      pages={70-132}
}

@article{Pentland1988,
      author={Pentland, David},
      year={1988},
      title={More new modes in {O}ld {O}jibwa},
      journal={Algonquian and Iroquoian Linguistics},
      volume={13},
      issue={4},
      pages={47-51}
}

@book{Lemoine1901,
      author={Lemoine, Georges},
      year={1901},
      title={Dictionnaire fran\c{c}ais-montagnais. {G}rammaire montagnaise},
      address={Boston},
      publisher={W.B. \& P. Cabot}
}