@Book{Ameka,
	editor={Ameka, Felix. K. and Alan Dench and Nick Evans},
	year="2006", 
	title={Catching language - {T}he {S}tanding {C}hallenge of {G}rammar {W}riting},
	address={Berlin, New York},
	publisher="Mouton de Gruyter",
}

@Incollection{Austin,
	author={Austin, Peter},
	year="2006",
	title={Data and language documentation},
	booktitle={Essentials of language documentation},
	editor={Jost Gippert, Nikolaus Himmelmann, and Ulrike Mosel},
	pages="87-112", 
	address={Berlin},
	publisher="Mouton de Gruyter",
}

@Book{Barwick,
	editor={Barwick, Linda, and Nick Thieberger},
	year="2006", 
	title={Sustainable data from digital fieldwork}, 
	address={Sydney},
	publisher="University of Sydney",
}

@Article{Bird,
	author={Bird, Steven , and Gary Simons },
	year="2003",
	title={Seven dimensions of portability for language documentation and description},
	journal={Language},
	volume="79",
	issue="3",
	pages="557-582",
}

@Incollection{Bow,
	author={Bow, Cathy, Baden Hughes , and Steven Bird},
	year="2003",
	title={Towards a general model for interlinear text},
	booktitle="{P}roceedings of the {E}{M}{E}{L}{D} {L}anguage {D}igitization {P}roject {C}onference",
	year="2003",
 	url={http://www.linguistlist.org/emeld/workshop/2003/bowbadenBird-paper.pdf},
}
 
@ARticle{Bright,
	author={Bright, W},
	year="2006",
	title={Contextualizing grammars},
	journal={Studies in Language},
	volume="30",
	issue="2",
	pages="245-252",
}

@ARticle{Comrie,
	author={Comrie, Bernard, and Norval Smith},
	year="1977", 
	title={The {L}ingua {D}escriptive {S}tudies {Q}uestionnaire},
	journal={Lingua},
	volume="42",
	pages="1-72",
}

@Incollection{Comrie,
	author={Comrie, Bernard},
	year="1998",
	title={Ein {S}trukturrahmen f\"ur deskriptive {G}rammatiken - {A}llgemeine {B}emerkungen},
	booktitle={Deskriptive {G}rammatik und allgemeiner {S}prachvergleich},
	editor={Dietmar Zaefferer},
	pages="7-16",
	address={T\"ubingen},
	publisher="Niemeyer",
}

@Incollection{Cristofaro,
	author={Cristofaro, Sonia},
	year="2006",
	title="{T}he organization of reference grammars - {A} typologist user's point of view",
	crossref="Ameka et al. 2006",
	pages="137-170",
	address={Berlin, New York},
	publisher="Mouton de Gruyter",
}

@Incollection{Drude,
	author={Drude, Sebastian},
	year="2003",
	title="{A}dvanced glossing - {A} language documentation format and its implementation with {S}hoebox",
	booktitle="{P}roceedings of the {L}{R}{E}{C}-{W}orkshop in {M}ay 2002, {L}as {P}almas: {W}1",
	conference="International Workshop on Resources and Tools in Field Linguistics",
	url={http://www.mpi.nl/lrec/2002/papers/lrec-pap-10-ag.pdf},
}

@Incollection{Evans,
	editor="Evans , Nick and Alan Dench.",
	year="2006",
	title="{I}ntroduction",
	publisher="Catching language",
	crossref="Ameka et al. 2006", 
	pages="1-40",
	address={Berlin, New York},
	publisher="Mouton de Gruyter",
}

@book{Gippert,
	editor={Gippert, Jost, Nikolaus Himmelmann, and Ulrike Mosel},
	year="2006",
	title={Essentials of language documentation},
	address={Berlin},
	publisher="Mouton de Gruyter",
}

@article{Givon,
	author={Giv\'on, Talmy},
	year="1993",
	title={English {G}rammar. {A} {F}unction-based {I}ntroduction},
	address={Amsterdam},
	publisher="Benjamins",
}

@Misc{Good,
	author={Good, Jeff },
	year="2004",
	title="{T}he descriptive grammar as a (meta)database",
	note ={Paper presented at the EMELD Language Digitization Project Conference},
	year="2004",
	url={http://linguistlist.org/emeld/workshop/2004/jcgood-paper.html},
}

@incollection{Helmbrecht,
	author={Helmbrecht, Johannes},
	year="2006",
	title ={The problem of tense, mood and aspect enclitics in {H}oc\k{a}k - how annotated corpora and concordancing tools can support descriptive linguistics},
	editor={Steiner, Petra and Boas, Hans Christian and Schierholz, Stefan}, 
	booktitle={Contrastive {S}tudies and {V}alency. {S}tudies in {H}onor of {H}ans {U}lrich {B}oas},
	address={Bern},
	publisher="Lang",
	pages="171-199",
}

@misc{Holton,
	author={Holton, Gary},
	year="2003",
	title="{A}pproaches to digitization and annotation - {A} survey of language documentation materials in the {A}laska {N}ative {L}anguage {C}enter {A}rchive",
	booktitle="{P}roceedings of the {E}{M}{E}{L}{D} {L}anguage {D}igitization {P}roject {C}onference",
	year="2003",
	url={http://www.linguistlist.org/emeld/workshop/2003/paper-Holton.pdf},
}

@book{Jespersen ,
	author={Jespersen , Otto},
	year="1924",
	title={The philosophy of grammar},
	address={London},
	publisher="Allen and Unwin",
}

@Incollection{Lehmann,
	author={Lehmann , Christian},
	year="1980",
	title={Aufbau einer {G}rammatik zwischen {S}prachtypologie und {U}niversalienforschung},
	booktitle={Wege zur {U}niversalienforschung},
	editor={Hansjakob Seiler and Gunter Brettschneider and Christian Lehmann},
	pages="29-37",
	address={T\"ubingen},
	publisher="Narr.",
}

@incollection{Lehmann ,
	author={Lehmann , Christian},
	year="1989",
	title={Language description and general comparative grammar},
	booktitle={Reference grammars and modern linguistic theory},
	editor={Gottfried Graustein and Gerhard Leitner},
	pages="133-162",
	address={T\"ubingen},
	publisher="M. Niemeyer",
}

@incollection{LehmannEtAl2004,
	author={Lehmann, Christian \& Elena Maslova},
	year="2004",
	title="{G}rammaticography",
	editor={Lehmann, Christian and Geert Booij and Joachim Mugdan and Stavros Skopeteas},
	booktitle={Morphologie. {E}in internationales {H}andbuch zur {F}lexion und {W}ortbildung},
	address= "Berlin \& New York",
	publisher={W. de Gruyter (Handb\"ucher zur Sprach- und Kommunikationswissenschaft)},
	volume ="17.2",
	pages = "1857-1882",
}

@incollection{Lehmann,
	author={Lehmann, Christian},
	year="2004",
	title="{I}nterlinear morphemic glossing",
	editor="Lehmann, Christian and Geert Booij and Joachim Mugdan and Stavros Skopeteas",
	title={Morphologie. {E}in internationales {H}andbuch zur {F}lexion und {W}ortbildung},
	address={Berlin \& New York},
	publisher="W. de Gruyter ",
	series ={Handb\"ucher zur Sprach- und Kommunikationswissenschaft}, 
	volume="17.2", 
	pages="1834-1857",
}

@Book{Lehmann,
	author={Lehmann, Christian},
	year="1993",
	title={On the system of semasiological grammar},
	series={Allgemein-Vergleichende Grammatik},
	volume ="1",
	address="Bielefeld",
	publisher={Universit\"at Bielefeld, Universit\"at M\"unchen},
}

@incollection{Lehmann,
	author={Lehmann, Christian},
	year="1998",
	title={Ein {S}trukturrahmen f\"ur deskriptive {G}rammatiken},
	booktitle={Deskriptive {G}rammatik und allgemeiner {S}prachvergleich},
	editor={Dietmar Zaefferer},
	pages="39-52",
	address={T\"ubingen},
	publisher="Niemeyer",
}

@incollection{Lehmann,
	author={Lehmann, Christian},
	year="2002",
	title={Structure of a comprehensive presentation of a language},
	booktitle={Basic materials in minority languages},
	editor={Tasaku Tsunoda},
	pages="5-33",
	address={Osaka},
	publisher="Osaka Gakuin University",
}

@incollection{Lehmann,
	author={Lehmann, Christian},
	year="2004",
	title={Documentation of grammar},
	booktitle={Lectures on endangered languages 4},
	conference = "Kyoto Conference 2001",
	editor={Osamu Sakiyama, Fubito Endo, Honore Watanabe and Fumiko Sasama},
	pages="61-74",
	address="Osaka",
	publisher="Osaka Gakuin University",
}

@incollection{Lehmann,
	author={Lehmann, Christian},
	year="2004",
	title={Funktionale {G}rammatikographie},
	booktitle={Dimensionen und {K}ontinua. {B}eitr\"age zu {H}ansjakob {S}eilers {U}niversalienforschung},
	editor={Waldfried Premper},
	pages="147-165",
	address={Bochum},
	publisher="N. Brockmeyer",
}

@incollection{Lewis,
	author={Lewis, William, Scott Farrar, and Terry Langendoen },
	year="2006",
	address="Linguistics in the internet age",
	publisher="Tools and fair use",
	title={Proceedings of the {E}{M}{E}{L}{D} {L}anguage {D}igitization {P}roject {C}onference},
	year="2006",
	url={http://www.linguistlist.org/emeld/workshop/2006/papers/Lewis.pdf},
}

@incollection{Mosel,
	author={Mosel, Ulrike},
	year="2006",
	title="{G}rammaticography - {T}he art and craft of writing grammars",
	crossref="Ameka et al. 2006",
	pages="41-68",
	address={Berlin, New York},
	publisher="Mouton de Gruyter",
}

@Incollection{Mosel,
	author={Mosel, Ulrike},
	year="2006",
	title={Sketch {G}rammar},
	crossref="Gippert et al",
	pages="301-310",
}

@article{Noonan,
	author={Noonan, Michael},
	year="2006",
	title="{G}rammar writing for a grammar-reading audience",
	journal={Studies in Language},
	volume="30",
	issue="2",
	pages="351-365",
}

@misc{Nordhoff,
	author={Nordhoff, Sebastian},
	year={2007},
	title="{G}rowing a grammar with {G}{A}{L}{O}{E}{S}. {P}aper presented at the {D}o{B}e{S} workshop, {J}une 2007, {M}{P}{I} {N}ijmegen",
	url="http://home.medewerker.uva.nl/s.Nordhoff/bestanden/Growing\%20a\%20grammar\%20with\%20GALOES.pdf",
}

@misc{Nordhoff,
	author={Nordhoff, Sebastian},
	year="2007",
	title="{T}he grammar authoring system {G}{A}{L}{O}{E}{S}",
	note="Paper presented at the Wikifying Research Workshop, June 2007, MPI Leipzig", url={http://home.medewerker.uva.nl/s.Nordhoff/bestanden/The grammar authoring system GALOES.pdf},
}

@misc{Nordhoff,
	author={Nordhoff, Sebastian},
	year="2007",
	title="{G}rammar writing in the electronic age",
	note="Paper presented at the Conference of the Association for Linguistic Typology VII, September 2007, Paris",
	url={http://home.medewerker.uva.nl/s.Nordhoff/bestanden/ALT2007.pdf},
}
	
@article{Nordhoff2008,
	author={Nordhoff, Sebastian},
	year="2008",
	title="{R}eference {G}rammars for {T}ypology - {C}hallenges and {S}olutions",
	journal={Language Documentation \& Conservation},
	volume="2",
	issue="2",
	pages="296-324",
}

@book{Payne,
	editor={Payne, Thomas and David Weber},
	year="2006",
	title={Perspectives on grammar writing},
	journal ="Studies in Language",
	volume = "30",
	issue = "2",
	address="Amsterdam",
	publisher="John Benjamins",
}

@article{Payne,
	author={Payne, Thomas},
	year="2006",
	title="{A} grammar as a communicative act, or what does a grammatical description really describe?",
	title={Studies in {L}anguage},
	volume="30",
	issue="2",
	pages="367-383",
}

@book{Peterson,
	author={Peterson, John},
	year="2002",
	title="{C}ross-linguistic reference grammar (final report)",
	address={M\"unchen},
	publisher={Centrum f\"ur Informations und Sprachverarbeitung},
}

@incollection{Rice,
	author={Rice, Keren},
	year="2006",
	title="{L}et the language tell its story? {T}he role of linguistic theory in writing grammars",
	crossref="Ameka et al. 2006",
	pages="235-268",
	address={Berlin, New York},
	publisher="Mouton de Gruyter",
}

@article{Rice,
	author={Rice, Keren},
	year="2006",
	title="{A} typology of good grammars",
	journal={Studies in Language },
	volume="30",
	issue="2",
	pages="385-415",
}

@incollection{Schroeter,
	author={Schroeter, Ronald, and Nick Thieberger},
	year="2006",
	title="{E}{O}{P}{A}{S}, the {E}thno{E}{R} online representation of interlinear text",
	booktitle="{S}ustainable data from digital fieldwork",
	editor={Linda Barwick and Nick Thieberger},
	pages="99-124",
	address="Sydney",
	publisher="University of Sydney",
}

@incollection{Schultze-Berndt,
	author={Schultze-Berndt, Eva},
	year="1998",	
	title={Zur {I}nteraktion von semasiologischer und onomasiologischer {G}rammatik. {D}er {V}erbkomplex im {J}aminjung},
	booktitle={Deskriptive {G}rammatik und allgemeiner {S}prachvergleich},
	editor={Dietmar Zaefferer},
	pages="149-176",
	address={T\"ubingen},
	publisher="Niemeyer",
}

@misc{Simons,
	author={Simons, Gary, Brian Fitzsimons, Terry Langendoen, William Lewis, Scott Farrar, Alexis Lanham, Ruby Basham and Hector Gonzalez},
	year="2004",
	address="A model for interoperability -- XML documents as an RDF database",
	publisher="Proceedings of the EMELD Language Digitization Project Conference",
	year="2004",
	url={http://linguistlist.org/emeld/workshop/2004/simonspaper.pdf},
}

@book{Gabelentz,
	author={Von der Gabelentz, Georg},
	year="1891/1984",
	title={Die {S}prachwissenschaft. {I}hre {A}ufgaben, {M}ethoden und bisherigen {E}rgebnisse},
	address={T\"ubingen},
	publisher="Narr",
}

@article{Weber,
	author={Weber, David},
	year="2006",
	title="{T}houghts on growing a grammar",
	journal={Studies in Language},
	volume="30",
	issue="2",
	pages="417-444",
}

@article{Weber,
	author={Weber, David},
	year="2006",
	title="{T}he linguistic example",
	journal={Studies in Language },
	volume="30",
	issue="2",
	pages="445-460",
}

@book{WhiteEagle1988,
	author={White Eagle, Josephine},
	year="1988",
	title={A {L}exical {S}tudy of {W}innebago},
	series="Lexicon Project Working Papers",
	volume="26",
	publisher="Center for Cognitive Science, MIT", 
	address="Cambridge, MA",
}

@book{Zaefferer,
	editor={Zaefferer, Dietmar, ed},
	year="1998", 
	title={Deskriptive {G}rammatik und allgemeiner {S}prachvergleich},
	address={T\"ubingen},
	publisher="Niemeyer",
}

@book{Zaefferer,
	author={Zaefferer, Dietmar},
	year="1998", 
	title={Ein {S}trukturrahmen f\"ur deskriptive {G}rammatiken-{D}ie {B}eschreibung sprachlicher {F}unktionen},
	booktitle={Deskriptive {G}rammatik und allgemeiner {S}prachvergleich},
	editor={Dietmar Zaefferer},
	pages="29-38",
	address={T\"ubingen},
	publisher="Niemeyer",
}

@incollection{Zaefferer,
	author={Zaefferer, Dietmar},
	year="1998c",
	title={Einleitung - {A}llgemeine {V}ergleichbarkeit als {H}erausforderungf\"ur die {S}prachbeschreibung},
	booktitle={Deskriptive {G}rammatik und  allgemeiner {S}prachvergleich},
	editor={Dietmar Zaefferer},
	pages="1-5",
	address={T\"ubingen},
	publisher="Niemeyer",
}

@incollection{Zaefferer,
	author={Zaefferer, Dietmar},
	year="2005",
	title="{T}he place of linguistic concepts within a general ontology of everyday life",
	booktitle="{P}roceedings of the {E}{M}{E}{L}{D} {L}anguage {D}igitization {P}roject {C}onference",
	year="2005",
	url={http://www.linguistlist.org/emeld/workshop/2005/papers/Zaefferer-paper.doc},
}

@incollection{Zaefferer,
	author={Zaefferer, Dietmar},
	year="2006",
	title="{R}ealizing {H}umboldt's dream",
	publisher="Cross-linguistic grammaticography",
	crossref="Ameka et al. 2006",
	pages="113-136",
	address={Berlin, New York},
	publisher="Mouton de Gruyter",
}

Internet sources
url={http://www.mpi.nl/DOBES/dobesmap/},
\href{http://www2.uni-erfurt.de/sprachwissenschaft/Vgl\_SW/Hoc\k{a}k/index\_frames.html},
url={http://www.cidles.eu/ltll/poio},

@book{HartmannEtAl2009hocank, 
  author ="Hartmann, Iren and Helmbrecht, Johannes and Lehmann, Christian and Marschke, Christian",
  year ="2009ff", 
  title="{D}ocumentation of {H}ooc{\k{a}}k",
  address={Nijmegen},
  publisher="Max Planck Institute for Psycholinguistics, DoBeS Archive",
  url="http://corpus1.mpi.nl/qfs1/media-archive/dobes_data/Hocank/Corpusstructure/1.imdi"
}