@book{Abley2003,
	author={Abley, M. },
	year={2003}, 
	title={Spoken here. Travels among threatened languages},
	address={Toronto},
	publisher={Random House of Canada}
}

@article{Adelaar1991,
	author={Adelaar, K. A. },
	year={1991},
	title={Some notes on the origin of Sri Lanka Malay},
	journal={Papers in Austronesian Linguistics},
	volume={1}, 
	pages={23-37}, 
}

@incollection{AdelaarEtAl1996,
	author={Adelaar, K. A. and  Prentice, D. J. },
	year={1996},
	title={Malay: its history, role and spread},
	editor={P. M\"uhlh\"ausler and S. A. Wurm and D. T. Tyron},
	title={Atlas of Languages of Intercultural Communication in the Pacific, Asia and the Americas}, 
	volume={2},
	pages={673 - 693},
	address={Berlin},
	publisher={Mouton de Gruyter}
}

@incollection{Ansaldo2008genesis,
	author={Ansaldo, U. },
	year={2008},
	title={Sri Lanka Malay revisited: Genesis and classification},
	editor={A. Dwyer and D. Harrison and D. Rood}, 
	booktitle={A world of many voices: Lessons from documented endangered languages}, 	    
	pages={13-42}, 
	address={Amsterdam},
	publisher={John Benjamins}
}

@misc{AnsaldoEtAl2006,
	author={Ansaldo, Umberto and Lim, Lisa },
	year={2006},
	title={Globalization, empowerment and the periphery: the Malays of Sri Lanka}
}

@incollection{Barth1969,
	author={Barth, F. },
	year={1969},
	title={Introduction },
	booktitle={The Social Organisation of Culture Difference}, 	
	pages={9-38},
	address={Boston,MA},
	publisher={Little Brown \& Co. }
}

@mastersthesis{Bichsel1989 ,
	author={Bichsel-Stettler, A. },
	year={1989},
	title={Aspects of the Sri Lanka Malay community and its language.}, 
	school={ University of Bern} 
}
  

@book{BlackledgeEtAl2004,
	editor={Blackledge, A. and  Pavlenko, A.},
	year={2004},
	title={Negotiation of identities in multlingual contexts},
	address={Clevedon; Buffalo},
	publisher={Multilingual Matters}
}

@book{Bourdieu1977, 
	author={Bourdieu, P. },
	year={1977},
	title={Outline of a theory of practice}, 
	address={Cambridge; New York},
	publisher={Cambridge University Press}
} 


@book{Bourdieu1982,
	author={Bourdieu, P. },
	year={1982},
	title={Ce que parler veut dire : l'\'economie des \'echanges linguistiques},
	address={Paris},
	publisher={Fayard}
}

@book{Bourdieu1991,
	author={Bourdieu, P. },
	year={1991},
	title={Language and symbolic power},
	publisher={Polity Press in association with Basil Blackwell},
	address={Cambridge}
}

@incollection{BucholtzEtAl2004,
	author={Bucholtz, M. and  Hall, K.},
	year={2004},
	title={Language and Identity},
	editor={A. Duranti}, 
	booktitle={A Companion to Linguistic Anthropology},
	address={Maddem, MA; Oxford,UK},
	publisher={Basil Blackwell},
	pages={369-394}
}

@book{Crystal2000,
	author={Crystal, D. },
	year={2000},
	title={Language death},
	address={Cambridge},
	publisher={Cambridge University Press}
}

@book{Dalby2003,
	author={Dalby, A. },
	year={2003},
	title={ Language in danger. How language loss threatens our future},
	address={Harmondsworth},
	publisher={Penguin}
}

@incollection{Dharmadasa2007,
	author={Dharmadasa, K. N. O. },
	year={2007},
	title={Sri Lanka},
	editor={A. Simpson}, 
	booktitle={Language and National Identity in Asia},	 
	address={Oxford, New York},
	publisher={Oxford University Press}
}

@incollection{Eastman1984,
	author={Eastman, C.},
	year={1984},
	title={Language, Ethnic Identity and Change},
	editor={J. Edwards},
	booktitle={Linguistic Minorities, Policies and Pluralism}, 
	pages={259-276},
	address={London},
	publisher={Academic Press}
}

@book{Edwards1985,
	author={Edwards, J. },
	year={1985},
	title={Language, Society and Identity},
	address={Oxford},
	publisher={Basil Blackwell}
}

@book{Edwards1994,
	author={Edwards, J. },
	year={1994},
	title={Multilingualism},
	address={London},
	publisher={Routledge}
}

@article{Edwards2001,
	author={Edwards, J. },
	year={2001},
	title={The Ecology of Language Revival},
	journal={Current Issues in Language Planning},
	volume={2}, 
	pages={231-241}, 
}

@book{Fasold1984,
	author={Fasold, R. },
	year={1984},
	title={The sociolinguistics of society},
	address={Oxford, New York},
	publisher={Blackwell}
}

@book{Fishman1991,
	author={Fishman, J. },
	year={1991},
	title={Reversing language shift}, 
	address={Celevdon, Avon},
	publisher={Multilingual Matters}
}

@incollection{Florey2005,
	author={Florey, M. },
	year={2005},
	title={Language shift and endangerment }, 
	pages={43-64},
	booktitle = {The Austronesian Languages of Asia and Madagascar},
	editor = {K. Alexander Adelaar and Nikolaus P. Himmelmann}, 
      address = {London, New York},
      publisher = {Routledge},
}


@incollection{FreelandEtAl2004,
	author={Freeland, J. and Patrick, D. },
	year={2004},
	title={Language Rights and Language Survival: Sociolinguistic and sociocultural perspectives},
	editor={J. Freeland and D. Patrick}, 
	booktitle={Language Rights and Language Survival},
	address={Manchester (UK), Northampton (MA)},
	publisher={St. Jerome Publishing}
}

@incollection{Heller1982,
	author={Heller, M. },
	year={1982},
	title={Negotiations of language choice in Montreal},
	editor={J. Gumperz}, 
	booktitle={Language and social identity},
	address={Cambridge, New York},
	publisher={Cambridge University Press}
}

@article{Heller1995,
	author={Heller, M. },
	year={1995},
	title={Choice, Social Institutions and Symbolic Domination},
	journal={Language in Society},
	volume={24},
	issue={3}, 
	pages={373-405}, 
}

@book{Heller1999,
	author={Heller, M. },
	year={1999},
	title={Linguistic Minorities and Modernity: A Sociolinguistic Ethnography},
	address={London, New York},
	publisher={Longman}
}

@article{HillEtAl1992,
	author={Hill, J. H. and  Mannheim, B. },
	year={1992},
	title={Language and World View}, 
	journal={Annual Review of Anthropology}, 
	volume={21},
	pages={381-406}
}

@incollection{Himmelmann2005,
	author={Himmelmann, N. P. },
	year={2005},
	title={Language endangerment scenarios in northern Central Sulawesi},
	editor={Collins and Steinhauer} 
}

@incollection{Hisao2010,
	author={Hisao, T. },
	year={2010},
	title={Old and new aspects of of Malayness in the contemporary Dunia Melayu movement},
	editor={H. Ismail}, 
	booktitle={Tinta di Dada Naskhah},
	pages={29-44},
	address={Kuala Lumpur},
	publisher={Universiti Melaya}
}

@article{Hornberger1998,
	author={Hornberger, N. H. },
	year={1998},
	title={Language policy, language education, language rights: Indigenous, immigrant and international perspectives},
	journal={Language in Society},
	volume={27},
	pages={439-458}  
}

@book{Hussainmiya1987,
	author={Hussainmiya, B. A. },
	year={1987},
	title={Lost Cousins: the Malays of Sri Lanka}, 
	publisher={Universiti Kebangsaan Pusat Teknologi Pendidikan} 
}

@incollection{IrvineEtAl2000,
	author={Irvine, J. T. and Gal, S. },
	year={2000},
	title={Language ideology and linguistic differentiation},
	editor={P. V. Kroskrity},
	booktitle={Regimes of Language},	
	address={Santa Fe, NM},
	publisher={School of American Research Press}
}

@book{Joseph2004,
	author={Joseph, J. E. },
	year={2004},
	title={Language and identity: national, ethnic, religious},
	address={New York, NY}, 
	publisher={Palgrave Macmillan}
}

@article{Kekulawala1979,
	author={Kekulawala, S. L. },
	year={1979},
	title={Kinship terminology in Sri Lankan Malay - a contribution to the study of language universals},
	journal={Kalyani}, 
	volume={1},
	pages={207 - 224},
	address={Kelaniya, Sri Lanka},
	publisher={University of Kelaniya} 
}

@incollection{Kincade1991,
	author={Kincade, M. D.},
	year={1991},
	title={The decline of native languages in Canada},
	editor={R. H. Robins and E. M. Uhlenbeck}, 
	booktitle={Endangered Languages}, 
	pages={157-176},
	address={London},
	publisher={Berg Publishers Ltd.}

}

@book{KlossEtAl1978,
	author={Kloss, H. and McConnell, G. D.},
	year={1978},
	title={The written languages of the world: A survey of the degree and modes of use - 1: The Americas; Les langues ecrites du monde: Relev\'e du degr\'e et des modes d'utilisation},
	address={Quebec},
	publisher={Les Presses de l'Universit\'e Laval}
}

@article{Krauss1992,
	author={Krauss, M. },
	year={1992},
	title={The world's languages in crisis},
	journal={Language},
	volume={68}, 
	pages={4-10}, 
}

@incollection{Kroskrity2000,
	author={Kroskrity, P. V. },
	year={2000},
	title={Introduction: Regimenting Languages: Language Ideological Perspectives},
	editor={P. V. Kroskrity}, 
	booktitle={Regimes of Languguage: Ideologies, Polities and Identities},	
	address={Santa Fe, NM},
	publisher={School of American Research Press}
}

 

@INCOLLECTION{LimEtAl2007,
  author = {Lisa Lim and Umberto Ansaldo},
  year = {2007},
  title = {Identity alignment in the multilingual space: The Malays of Sri Lanka.},
  pages = {218--243},
  booktitle = {Linguistic identity in multilingual postcolonial spaces},
  editor = {E. Anchimbe},
  address = {Cambridge},
  publisher = {Cambridge Scholars Press.},
  owner = {snordhoff},
  timestamp = {2008.01.28}
}

 

@incollection{May2004,
	author={May, S. },
	year={2004},
	title={Rethinking Linguistic Human Rights: Answering questions of identity, essentialism and mobility},
	editor={J. Freeland and D. Patrick}, 
	booktitle={Language Rights and Language Survival},
	address={Manchester (UK), Northampton, MA},
	publisher={St. Jerome Publishing}
}

@book{NettleEtAl2000,
	author={Nettle, D. and Romaine, S. },
	year={2000},
	title={Vanishing voices. The extinction of the world's languages},
	address={Oxford},
	publisher={Oxford University Press}
}

@book{Nordhoff2009,
	author={Nordhoff, S. },
	year={2009},
	title={A grammar of Upcountry Sri Lanka Malay},
	address={Utrecht},
	publisher={LOT}
}

@book{Paulston1994,
	author={Paulston, C. B. },
	year={1994},
	title={Linguistic minorities in multilingual settings: implications for language policies },
	address={Amsterdam, Philadelphia},
	publisher={J. Benjamins Pub. Co.}
}

@book{Pozzetta1991,
	author={Pozzetta, G. E. },
	year={1991},
	title={Ethnicity, ethnic identity and language maintenance},
	address={New York, NY},
	publisher={Garland Publishers. }
}

@misc{Rajapakse2009,
	author={Rajapakse, M. },
	year={2009},
	title={Address by HE President Mahinda Rajapakse at the ceremonial opening of Parliament},
	note={Retrieved March 03, 2011}, 	
	url={http://www.president.gov.lk/speech_New.php?Id=74}
}

@book{RobinsEtAl1991,
	author={Robins, R. H. and  Uhlenbeck, E. M. },
	year={1991},
	title={Endangered languages},
	address={Oxford},
	publisher={Berg}
}

@misc{Robuchon2003,
	author={Robuchon, G. },
	year={2003},
	title={Malayo language in Sri Lanka}, 
	howpublished={Paper presented at the Seventh International Symposium on Malay/ Indonesian Linguistics, Nijmegen, The Netherlands}
}

@article{Romaine2006,
	author={Romaine, S. },
	year={2006},
	title={Planning for the Survival of Linguistic Diversity},
	journal={Language Policy},
	volume={5}, 
	pages={441-473}, 
}

@book{Saldin2000,
	author={Saldin, B. D. K. },
	year={2000},
	title={A guide to Malay},
	address={Colombo},
	publisher={Nihon Printers. }
}

@book{Saldin1996,
	author={Saldin, B. D. K.},
	year={[1996] 2001}, 
	title={The Sri Lankan Malays and their language},
	address={Colombo},
	publisher={Nihon Printers}
}

@article{Skutnabb-Kangas1998,
	author={Skutnabb-Kangas, T. },
	year={1998},
	title={Human Rights and Language Wrongs - A future for diversity? },
	journal={Language Sciences}, 
	volume={20}, 
	pages={401-426}, 
}

@book{Skutnabb-KangasEtAl1998,
	author={Skutnabb-Kangas, T. and  Cummins, J. },
	year={1998},
	title={Minority education: from shame to struggle}, 
	address={Clevedon, Avon, England ; Philadelphia, PA},
	publisher={USA Multilingual matters} 
}

@misc{Slomanson2003,
	author={Slomanson, P. },
	year={2003},
	title={The Sri Lankan Malay Verb: Lankan or Malay?}, 
	howpublished={Paper presented at the Seventh International Symposium on Malay/ Indonesian Linguistics, Nijmegen, The Netherlands}
}

@article{Slomanson2008,
	author={Slomanson, P. },
	year={2008},
	title={The perfect construction and complexity drift in Sri Lankan Malay},
	journal={Lingua}, 
	volume={118},
	pages={1640-1655}, 
}

@misc{Smith2003,
	author={Smith, I. R. },
	year={2003},
	title={The provenance and timing of substrate influence in Sri Lanka Malay: Definiteness, animacy and number in accusative case marking},
	howpublished={Paper presented at the The South Asian Language Analysis Roundtable XXIII, Austin, 
Texas, Austin, Texas}
}

@incollection{StroudEtAl2004,
	author={Stroud, C. and  Heugh, K. },
	year={2004},
	title={Language Rights and Linguistic Citizenship},
	editor={J. Freeland and D. Patrick}, 
	booktitle={Language Rights and Language Survival: Sociolinguistic and Sociocultural Perspectives},
	address={Manchester (UK), Northampton (MA)},
	publisher={St. Jerome Publishing}
}

@bachelorsthesis{Tapovanaye1986,
	author={Tapovanaye, S. },
	year={1986},
	title={Analysis of the segmental phonemes of the Sri Lanka Malay language.}, 
	school={ University of Kelaniya}, 
	address={Sri Lanka, Kelaniya}    
}

@mastersthesis{Tapovanaye1995,
	author={Tapovanaye, S. },
	year={1995},
	title={Vowel Length in Sri Lankan Malay},
	school={University of Hawa'ii, Manoa}
}

@book{Thaliph1998,
	author={Thaliph, F. },
	year={1998},
	title={Experience in documenting Malay society and culture in Sri Lanka - Terang Newsletter},
	howpublished={Paper presented at the International Symposium on Malayo-Polynesians in the Commonwealth, Kuala Lumpur, Malaysia}
}

@misc{Tirtosudarmo2004,
	author={Tirtosudarmo, R. },
	year={2004},
	title={The lands below the winds that is called the Malay world: Notes on some crossing points and beyond},
	howpublished={Paper presented at the Symposium on ``Thinking Malayness'', Tokyo University of Foreign Studies}
}

@misc{Vijaycharya2004,
	author={Vijaycharya, S. },
	year={2004},
	title={Ethnic consciousness of the Malays of Sri Lanka: some observations},
	howpublished={Paper presented at the Symposium on ``Thinking Malayness'', Tokyo University of Foreign Studies}
}

@incollection{Woolard1998,
	author={Woolard, K. A.},
	year={1998},
	title={Language Ideologies as a Field of Inquiry},
	editor={K. A. Woolard and B. B. Schieffelin and P. V. Kroskrity}, 
	booktitle={Language Ideologies: Practice and  Theory},
	address={Oxford, New York},
	publisher={Oxford University Press}
}

@book{Wurm1996,
	author={Wurm, S. A. },
	year={1996},
	title={Atlas of the world's languages in danger of disappearing},
	address={Paris},
	publisher={Unesco Pub./Pacific Linguistics}
}

Abley, M.
 (2003).
 Spoken here.
 Travels among threatened languages.
 Toronto: Random House of Canada Barth, F.
 (1969).
 Introduction The Social Organisation of Culture Difference (pp.
 9-38).
 Boston, MA: Little Brown & Co.
 Bichsel-Stettler, A.
 (1989).
 Aspects of the Sri Lanka Malay community and its language.
 MA, University of Bern, Switzerland.
    Blackledge, A.
, & Pavlenko, A.
 (Eds.
).
 (2004).
 Negotiation of identities in multlingual contexts.
 Clevedon ; Buffalo.
 : Multilingual Matters.
 Bourdieu, P.
 (1977).
 Outline of a theory of practice (R.
 Nice, Trans.
 Vol.
 16).
 Cambridge ; New York Cambridge University Press.
 Bourdieu, P.
 (1982).
 Ce que parler veut dire : l'économie des échanges linguistiques Paris: Fayard.
 Bourdieu, P.
 (1991).
 Language and symbolic power (G.
 Raymond & M.
 Adamson, Trans.
 Vol.
 Polity Press in association with Basil Blackwell).
 Cambridge.
 Bucholtz, M.
, & Hall, K.
 (2004).
 Language and Identity.
 In A.
 Duranti (Ed.
), A Companion to Linguistic Anthropology (pp.
 369-394).
 Oxford, UK: Oxford.
 Crystal, D.
 (2000).
 Language death.
 Cambridge: Cambridge University Press.
 Dalby, A.
 (2003).
 Language in danger.
 How language loss threatens our future.
 Harmondsworth: Penguin.
 Dharmadasa, K.
 N.
 O.
 (2007).
 Sri Lanka.
 In A.
 Simpson (Ed.
), Language and National Identity in Asia.
 Oxford, New York: Oxford University Press.
 Eastman, C.
 (1984).
 Language, Ethnic Identity and Change.
 In J.
 Edwards (Ed.
), Linguistic Minorities, Policies and Pluralism (pp.
 259-276).
 London: Academic Press.
 Edwards, J.
 (1985).
 Language, Society, and Identity.
 Oxford: Basil Blackwell.
 Edwards, J.
 (1994).
 Multilingualism.
 London: Routledge.
 Edwards, J.
 (2001).
 The Ecology of Language Revival.
 Current Issues in Language Planning, 2, 231-241.
  Fairclough, N.
 (1989).
 Language and power.
 London, New York: Longman Fasold, R.
 (1984).
 The sociolinguistics of society.
 Oxford, New York: Blackwell.
 Florey, M.
 (2005).
 Language shift and endangerment Language shift and endangerment in "Austronesian languages in Asia and Madagascar" (pp.
 43-64): Routledge.
 Freeland, J.
, & Patrick, D.
 (2004).
 Language Rights and Language Survival: Sociolinguistic and sociocultural perspectives.
 In J.
 Freeland & D.
 Patrick (Eds.
), Language Rights and Language Survival.
 Manchester (UK), Northampton (MA): St.
 Jerome Publishing.
 Heller, M.
 (1982).
 Negotiations of language choice in Montreal.
 In J.
 Gumperz (Ed.
), Language and social identity.
 Cambridge, New York: Cambridge University Press.
 Heller, M.
 (1995).
 Choice, Social Institutions, and Symbolic Domination.
 Language in Society, 24(3), 373-405.
  Heller, M.
 (1999).
 Linguistic Minorities and Modernity: A Sociolinguistic Ethnography.
 London, New York: Longman.
 Hill, J.
 H.
, & Mannheim, B.
 (1992).
 Language and World View.
 Annual Review of Anthropology, 21, 381 - 406.
  Himmelmann, N.
 P.
 (2005).
 Language endangerment scenarios in northern Central Sulawesi.
 In Collins & Steinhauer (Eds.
).
 Hornberger, N.
 H.
 (1998).
 Language policy, language education, language rights: Indigenous, immigrant, and international perspectives.
 Language in Society(27), 439–458.
  Irvine, J.
 T.
, & Gal, S.
 (2000).
 Language ideology and linguistic differentiation.
 In P.
 V.
 Kroskrity (Ed.
), Regimes of Language.
 Santa Fe, NM: School of American Research Press.

@misc{Ismail2009, 
    author={Ismail, Q.},
    date={August 21, 2009},
    title={ Critiquing the President's Victory Speech},
    note={Retrieved November 24, 2009}
}
 2009 Kekulawala, S.
 L.
 (1979).
 Kinship terminology in Sri Lankan Malay - a contribution to the study of language universals Kalyani (Vol.
 1, pp.
 207 - 224.
).
 Kelaniya, Sri Lanka: University of Kelaniya.
 Kincade, M.
 D.
 (1991).
 The decline of native languages in Canada.
 In R.
 H.
 Robins & E.
 M.
 Uhlenbeck (Eds.
), Endangered Languages (pp.
 157 - 176).
 London: Berg Publishers Ltd.
 Krauss, M.
 (1992).
 The world’s languages in crisis.
 Language documentation and conservation, 68, 4-10.
  Kroskrity, P.
 V.
 (2000).
 Introduction: Regimenting Languages: Language Ideological Perspectives.
 In P.
 V.
 Kroskrity (Ed.
), Regimes of Languguage: Ideologies, Polities, and Identities.
 Santa Fe, NM: School of American Research Press.
 May, S.
 (2004).
 Rethinking Linguistic Human Rights: Answering questions of identity, essentialism, and mobility.
 In J.
 Freeland & D.
 Patrick (Eds.
), Language Rights and Language Survival.
 Manchester (UK), Northampton (MA): St.
 Jerome Publishing.
 Nettle, D.
, & Romaine, S.
 (2000).
 Vanishing voices.
 The extinction of the world’s languages.
 Oxford: Oxford University Press.
 Nordhoff, S.
 (2009).
 A grammar of Upcountry Sri Lanka Malay.
 Utrecht, The Netherlands: LOT.
 Paulston, C.
 B.
 (1994).
 Linguistic minorities in multilingual settings : implications for language policies Amsterdam, Philadelphia J.
 Benjamins Pub.
 Co.
 Robins, R.
 H.
, & Uhlenbeck, E.
 M.
 (1991).
 Endangered languages.
 Oxford: Berg.
 Robuchon, G.
 (2003).
 Malayo language in Sri Lanka.
 Paper presented at the Seventh International Symposium on Malay/ Indonesian Linguistics, Nijmegen, The Netherlands.
  Romaine, S.
 (2006).
 Planning for the Survival of Linguistic Diversity.
 Language Policy, 5, 441-473.
  Saldin, B.
 D.
 K.
 (2000).
 A guide to Malay.
 Colombo: Nihon Printers.
 
@book{Saldin2007,
 author={Saldin, BDK},
 year={2007},
 title={A Concise Sri Lankan Malay Dictionary},
 address={Kurunegala},
 publisher={Nihon Printers}
}

 Saldin, B.
 D.
 K.
 ([1996] 2001).
 The Sri Lankan Malays and their language.
 Colombo: Nihon Printers.
 Skutnabb-Kangas, T.
 (1998).
 Human Rights and Language Wrongs - A future for diversity? Language Sciences, 20, 401-426.
  Skutnabb-Kangas, T.
 (2001).
 The globalisation of (educational) language rights.
 International Review of Education, 47(3-4), 201-219.
  Skutnabb-Kangas, T.
, & Cummins, J.
 (1998).
 Minority education: from shame to struggle.
 Clevedon, Avon, England ; Philadelphia, PA, USA Multilingual matters.
 Slomanson, P.
 (2003).
 The Sri Lankan Malay Verb: Lankan or Malay? Paper presented at the Seventh International Symposium on Malay/ Indonesian Linguistics, Nijmegen, The Netherlands.
  Slomanson, P.
 (2008).
 The perfect construction and complexity drift in Sri Lankan Malay.
 Lingua, 118(10), 1640-1655.
  Smith, I.
 R.
 (2003).
 The provenance and timing of substrate influence in Sri Lanka Malay: Definiteness, animacy and number in accusative case marking.
 Paper presented at the The South Asian Language Analysis Roundtable XXIII, Austin, Texas, Austin, Texas.
  Stroud, C.
, & Heugh, K.
 (2004).
 Language Rights and Linguistic Citizenship.
 In J.
 Freeland & D.
 Patrick (Eds.
), Language Rights and Language Survival: Sociolinguistic and Sociocultural Perspectives.
 Manchester (UK), Northampton (MA): St.
 Jerome Publishing.
 Tapovanaye, S.
 (1986).
 Analysis of the segmental phonemes of the Sri Lanka Malay language.
 Bachelor of Arts, University of Kelaniya, Sri Lanka, Kelaniya.
    Tapovanaye, S.
 (1995).
 Vowel Length in Sri Lankan Malay.
 Master's in Arts, University of Hawa'ii, Manoa.
    Vijaycharya, S.
 (2004).
 Ethnic consciousness of the Malays of Sri Lanka: some observations.
 Paper presented at the Symposium on “Thinking Malayness”, Tokyo University of Foreign Studies Woolard, K.
 A.
 (1998).
 Language Ideologies as a Field of Inquiry.
 In K.
 A.
 Woolard, B.
 B.
 Schieffelin & P.
 V.
 Kroskrity (Eds.
), Language Ideologies: Practice and Theory.
 Oxford, New York: Oxford University Press.
 Wurm, S.
 A.
 (1996).
 Atlas of the world's languages in danger of disappearing.
 Paris: Unesco Pub.
/Pacific Linguistics.
   