% This file was created with JabRef 2.7b.
% Encoding: UTF-8

@INCOLLECTION{Austin2006,
  author = {Peter Austin},
  title = {Data and language documentation},
  crossref = {GippertEtAl2006},
  pages = {87--112},
  owner = {snordhoff},
  timestamp = {2007.07.26}
}

@INCOLLECTION{Chappel2007,
  author = {Hilary Chappel},
  title = {From {E}urocentrism to {S}inocentrism: {T}he case of disposal constructions
	in Sinitic languages},
  crossref = {AmekaEtAl2007},
  pages = {441-486},
  owner = {snordhoff},
  timestamp = {2007.07.26}
}

@INCOLLECTION{Comrie1998,
  author = {Bernard Comrie},
  title = {Ein {S}trukturrahmen für deskriptive {G}rammatiken: {A}llgemeine {B}emerkungen},
  crossref = {Zaefferer1998ed},
  pages = {7--16},
  owner = {snordhoff},
  timestamp = {2007.07.26}
}

@INCOLLECTION{Cristofaro2006,
  author = {Sonia Cristofaro},
  title = {The organization of reference grammars: a typologist user's point
	of view},
  crossref = {AmekaEtAl2006},
  pages = {137--170},
  owner = {snordhoff},
  timestamp = {2007.07.26}
}

@INCOLLECTION{Dryer2006blt,
  author = {Matthew Dryer},
  title = {Descriptive theories, explanatory theories, and {B}asic {L}inguistic
	Theory},
  crossref = {AmekaEtAl2006},
  pages = {207--234},
  owner = {snordhoff},
  timestamp = {2007.07.26}
}

@INCOLLECTION{EvansEtAl2006intro,
  author = {Nick Evans and Alan Dench},
  title = {Introduction: {C}atching {L}anguage},
  crossref = {AmekaEtAl2006},
  pages = {1--40},
  owner = {snordhoff},
  timestamp = {2007.10.12}
}

@INCOLLECTION{LaPollaEtAl2006,
  author = {Randy LaPolla and Dory Poa},
  title = {On describing word order},
  crossref = {AmekaEtAl2006},
  pages = {269--296},
  owner = {snordhoff},
  timestamp = {2007.07.26}
}

@INCOLLECTION{Lehmann1998,
  author = {Christian Lehmann},
  title = {Ein {S}trukturrahmen für deskriptive {G}rammatiken},
  crossref = {Zaefferer1998ed},
  pages = {39--52},
  owner = {snordhoff},
  timestamp = {2007.07.26}
}

@INCOLLECTION{Mosel2006craft,
  author = {Urlike Mosel},
  title = {Grammaticography: {T}he art and craft of writing grammars},
  crossref = {AmekaEtAl2006},
  owner = {snordhoff},
  timestamp = {2007.07.26}
}

@INCOLLECTION{Mosel2006sketch,
  author = {Ulrike Mosel},
  title = {Sketch {G}rammar},
  crossref = {GippertEtAl2006},
  pages = {301--310},
  owner = {snordhoff},
  timestamp = {2007.07.26}
}

@INCOLLECTION{Rice2007,
  author = {Keren Rice},
  title = {Let the language tell its story? {T}he role of linguistic theory in
	writing grammars},
  crossref = {AmekaEtAl2007},
  pages = {235--268},
  owner = {snordhoff},
  timestamp = {2007.07.26}
}

@INCOLLECTION{SchroeterEtAl2006,
  author = {Ronald Schroeter and Nick Thieberger.},
  year = {2006},
  title = {E{O}{P}{A}{S}, the {E}thno{E}{R} online representation
	
	of interlinear text. In Sustainable data from digital fieldwork},
  crossref = {BarwickEtAlEd2006},
  pages = {99--124},
  owner = {snordhoff},
  timestamp = {2009.10.23}
}

@INCOLLECTION{SchultzeBerndt1998,
  author = {Eva Schultze-Berndt},
  title = {Zur {I}nteraktion von semasiologischer und onomasiologischer {G}rammatik:
	Der Verbkomplex im Jaminjung},
  crossref = {Zaefferer1998ed},
  pages = {149--176},
  owner = {snordhoff},
  timestamp = {2007.07.26}
}

@INCOLLECTION{SchultzeBerndt2007,
  author = {Eva Schultze-Berndt},
  title = {Taking a closer look at function verbs: {L}exicon, grammar, or both?},
  crossref = {AmekaEtAl2007},
  pages = {359--392},
  owner = {snordhoff},
  timestamp = {2007.07.26}
}

@INCOLLECTION{Zaefferer1998,
  author = {Dietmar Zaefferer},
  title = {Ein {S}trukturrahmen für deskriptive {G}rammatiken: {D}ie {B}eschreibung
	sprachlicher Funktionen.},
  crossref = {Zaefferer1998ed},
  pages = {29--38},
  owner = {snordhoff},
  timestamp = {2007.07.26}
}

@INCOLLECTION{Zaefferer1998intro,
  author = {Dietmar Zaefferer},
  title = {Einleitung: {A}llgemeine {V}ergleichbarkeit als {H}erausforderung für die
	Sprachbeschreibung},
  crossref = {Zaefferer1998ed},
  pages = {1--5},
  owner = {snordhoff},
  timestamp = {2007.07.26}
}

@INCOLLECTION{Zaefferer2006,
  author = {Dietmar Zaefferer},
  title = {Realizing {H}umboldt's dream: {C}ross-linguistic grammaticography},
  crossref = {AmekaEtAl2006},
  pages = {113--136},
  owner = {snordhoff},
  timestamp = {2007.07.26}
}

@ARTICLE{BirdEtAl2003,
  author = {Steven Bird and Gary Simons},
  year = {2003},
  title = {Seven dimensions of portability for language documentation},
  journal = {Language},
  volume = {79},
  number = {3},
  pages = {557-582},
  owner = {snordhoff},
  timestamp = {2009.10.23}
}

@ARTICLE{BowEtAl2003,
  author = {Cathy Bow and Baden Hughes and Steven Bird},
  year = {2003},
  title = {Towards a general model for interlinear text},
  journal = {Proceedings of the EMELD Language Digitization Project Conference},
  owner = {snordhoff},
  timestamp = {2009.10.23},
  url = {http://www.linguistlist.org/emeld/workshop/2003/bowbadenBird-paper.pdf}
}

@ARTICLE{Bright2006,
  author = {Willilam Bright},
  year = {2006},
  title = {Contextualizing grammars},
  journal = {Studies in Language},
  volume = {30},
  number = {2},
  pages = {245-252},
  owner = {snordhoff},
  timestamp = {2006.05.02}
}

@ARTICLE{ButlerEtAl2007,
  author = {Lynnika Butler and Heather van Volkinburg.},
  year = {2007},
  title = {Review of {F}ieldworks {L}anguage {E}xplorer ({F}{L}{E}x)},
  journal = {Language Documentation \& Conservation},
  volume = {1},
  number = {11},
  pages = {100--106},
  owner = {snordhoff},
  timestamp = {2009.10.23}
}

@ARTICLE{ComrieEtAl1977,
  author = {Comrie, Bernard and Smith, Norval},
  year = {1977},
  title = {The {L}ingua {D}escriptive {S}tudies {Q}uestionnaire},
  journal = {Lingua},
  volume = {42},
  pages = {1-72},
  owner = {snordhoff},
  timestamp = {2006.05.02}
}

@INCOLLECTION{Cysouw2007social,
  author = {Michael Cysouw},
  year = {2007},
  title = {A social layer for typological databases. {I}n, ed. by ò, 59-66
	
	Milano: Francoangeli.},
  booktitle = {Language resources and linguistic theory},
  editor = {A. Sans\`o},
  pages = {59--66},
  series = {Materiali Linguistici Universit\`a di Pavia.},
  owner = {snordhoff},
  timestamp = {2009.10.23}
}

@INCOLLECTION{Drude2002,
  author = {Sebastian Drude},
  year = {2002},
  title = {Advanced glossing -- {A} language documentation format and its implementation
	with Shoebox},
  booktitle = {Proceedings of the {I}nternational {L}{R}{E}{C} workshop on {R}esources and {T}ools
	in Field Linguistics},
  editor = {Peter Austin and Helen Dry and Peter Wittenburg},
  owner = {snordhoff},
  timestamp = {2007.07.27}
}

@ARTICLE{FarrarEtAl2003,
  author = {Scott Farrar and Terry Langendoen},
  year = {2003},
  title = {A linguistic ontology for the semantic web.},
  journal = {GLOT International},
  volume = {7},
  pages = {200-203},
  owner = {snordhoff},
  timestamp = {2009.10.23}
}

@UNPUBLISHED{Good2004,
  author = {Good, Jeff},
  title = {The descriptive grammar as a (meta)database},
  note = {Paper presented at the EMELD Language Digitization Project Conference
	2004. http://linguistlist.org/emeld/
	
	workshop/2004/jcgood-paper.html},
  year = {2004},
  owner = {snordhoff},
  timestamp = {2009.10.23}
}

@ARTICLE{Kadanya2006,
  author = {James Lokuuda Kadanya},
  year = {2006},
  title = {Writing {G}rammars for the community},
  journal = {Studies in Language},
  volume = {30},
  number = {2},
  pages = {253-257},
  owner = {snordhoff},
  timestamp = {2006.05.02}
}

@INCOLLECTION{Lehmann1989comparativegrammar,
  author = {Christian Lehmann},
  year = {1989},
  title = {Language description and general comparative grammar},
  booktitle = {Reference grammars and modern linguistic theory},
  editor = {Gottfried Graustein and Gerhard Leitner},
  address = {Tübingen},
  publisher = {M. Niemeyer},
  pages = {133-162},
  owner = {snordhoff},
  timestamp = {2007.01.08}
}

@INCOLLECTION{Lehmann2004funkt,
  author = {Christian Lehmann},
  year = {2004},
  title = {Funktionale {G}rammatikographie},
  booktitle = {Dimensionen und {K}ontinua. {B}eiträge zu {H}ansjakob {S}eilers {U}niversalienforschung.},
  editor = {Waldfried Premper},
  address = {Bochum},
  publisher = {N. Brockmeyer},
  pages = {147-165},
  owner = {snordhoff},
  timestamp = {2007.07.27}
}

@INCOLLECTION{Lehmann2004docu,
  author = {Christian Lehmann},
  year = {2004},
  title = {Documentation of grammar},
  booktitle = {Lectures on endangered languages: 4. {F}rom {K}yoto {C}onference 2001},
  editor = {Osamu Sakiyama and Fubito Endo and Honore Watanabe and Fumiko Sasama},
  address = {Osaka},
  publisher = {Osaka Gakuin University},
  pages = {61-74},
  owner = {snordhoff},
  timestamp = {2007.07.27}
}

@INCOLLECTION{Lehmann1980,
  author = {Christian Lehmann},
  year = {1980},
  title = {Aufbau einer {G}rammatik zwischen {S}prachtypologie und {U}niversalienforschung},
  booktitle = {Wege zur {U}niversalienforschung},
  editor = {Hansjakob Seiler and Gunter Brettschneider and Christian Lehmann},
  address = {T\"ubingen},
  publisher = {Narr},
  pages = {29--37},
  owner = {snordhoff},
  timestamp = {2009.10.23}
}

@INCOLLECTION{Lehmann2002,
  author = {Christian Lehmann},
  year = {2002},
  title = {Structure of a comprehensive presentation of a language},
  booktitle = {Basic materials in minority languages},
  editor = {Tasaku Tsunoda},
  address = {Osaka},
  publisher = {Osaka Gakuin University},
  pages = {5--33},
  owner = {snordhoff},
  timestamp = {2007.07.26}
}

@BOOK{Lehmann1993,
  author = {Christian Lehmann},
  year = {1993},
  title = {On the system of semasiological grammar},
  address = {Bielefeld},
  publisher = {Universität Bielefeld, Universität München},
  volume = {1},
  series = {Allgemein-Vergleichende Grammatik},
  owner = {snordhoff},
  timestamp = {2007.01.08}
}

@INCOLLECTION{LehmannEtAl2004,
  author = {Christian Lehmann and Elena Maslova},
  year = {2004},
  title = {Grammaticography},
  booktitle = {Morphologie. {E}in {H}andbuch zur {F}lexion und {W}ortbildung},
  editor = {Geert Booij and Christian Lehmann and Joachim Mugdan and Stavros
	Skopeteas},
  address = {Berlin, New York},
  publisher = {de Gruyter},
  volume = {2},
  owner = {snordhoff},
  timestamp = {2009.10.23}
}

@UNPUBLISHED{LewisEtAl2006,
  author = {William Lewis and Scott Farrar and Terry Langendoen, Terry},
  title = {Linguistics in the internet age: {T}ools and fair use.},
  note = {Proceedings of the EMELD Language Digitization Project
	
	Conference 2006. http://www.linguistlist.org/emeld/workshop/2006/papers/Lewis.pdf},
  year = {2006},
  owner = {snordhoff},
  timestamp = {2009.10.23}
}

@UNPUBLISHED{Lewis2006,
  author = {William D. Lewis},
  title = {O{D}{I}{N}: {A} {M}odle for {A}dapting and {E}nriching {L}egacy {I}nfrastructure},
  note = {Paper presented at the e-Humanities workshop at e-Science 2006},
  year = {2006},
  owner = {snordhoff},
  timestamp = {2009.10.28}
}

@ARTICLE{Mithun2006,
  author = {Marianne Mithun},
  year = {2006},
  title = {Grammars and the community},
  journal = {Studies in Language},
  volume = {30},
  number = {2},
  pages = {281-306},
  owner = {snordhoff},
  timestamp = {2006.05.02}
}

@UNPUBLISHED{Mosel2004,
  author = {Ulrike Mosel},
  title = {Grammaticography, the art and craft of writing grammars},
  note = {ms, September 2004},
  year = {2004},
  month = {September},
  owner = {snordhoff},
  timestamp = {2007.01.08}
}

@INCOLLECTION{Mufwene1992,
  author = {Salikoko Mufwene},
  year = {1992},
  title = {Why {G}rammars are {N}ot {M}onolithic},
  booktitle = {The {J}oy of {G}rammar},
  editor = {Diane Brentari and Gary N. Larson and Lynn A. MacLeod},
  address = {Amsterdam, Philadelphia},
  publisher = {John Benjamins},
  pages = {225--251},
  owner = {snordhoff},
  timestamp = {2006.08.08}
}

@ARTICLE{Munro2006,
  author = {Pamela Munro},
  year = {2006},
  title = {From parts of speech to the grammar},
  journal = {Studies in Language},
  volume = {30},
  number = {2},
  pages = {307-349},
  owner = {snordhoff},
  timestamp = {2006.05.02}
}

@UNPUBLISHED{MunroEtAl2005,
  author = {Robert Munro and Daniel Nathan},
  title = {Towards portability and interoperability for linguistic annotation
	and language-specific ontologies.},
  note = {Proceedings of the EMELD Language Digitization Project Conference
	2005. http://linguistlist.org/emeld/workshop/2005/papers/Munro-paper.doc},
  year = {2005},
  owner = {snordhoff},
  timestamp = {2009.10.23}
}

@BOOK{Nickles2001,
  author = {M. Nickles},
  year = {2001},
  title = {Systematics - {E}in {X}{M}{L}-basiertes {I}nternet-{D}atenbanksystem für klassifikationsgestützte
	Sprachbeschreibungen},
  address = {München},
  publisher = {Centrum für Informations- und Sprachverarbeitung},
  owner = {snordhoff},
  timestamp = {2007.07.27}
}

@ARTICLE{Noonan2006,
  author = {Michael Noonan},
  year = {2006},
  title = {Grammar writing for a grammar-reading audience},
  journal = {Studies in Language},
  volume = {30},
  number = {2},
  pages = {351-365},
  owner = {snordhoff},
  timestamp = {2006.05.02}
}

@ARTICLE{Payne2006,
  author = {Thomas Payne},
  year = {2006},
  title = {A grammar as a communicative act or {W}hat does a grammatical description
	really describe?},
  journal = {Studies in Language},
  volume = {30},
  number = {2},
  pages = {367-383},
  owner = {snordhoff},
  timestamp = {2006.05.02}
}

@BOOK{Peterson2002,
  author = {John Peterson},
  year = {2002},
  title = {Cross-{L}inguistic {R}eference {G}rammar ({F}inal report)},
  address = {München},
  publisher = {Centrum für Informations- und Sprachverarbeitung},
  owner = {snordhoff},
  timestamp = {2007.07.27}
}

@UNPUBLISHED{RCC2003,
  author = {{Resource Creation Group}},
  title = {Working group report from the {E}{M}{E}{L}{D} {L}anguage {D}igitization {P}roject
	Conference 2003},
  note = {http://www.linguistlist.org/emeld/workshop/2003/resource-creation.doc},
  year = {2003},
  owner = {snordhoff},
  timestamp = {2009.10.23}
}

@ARTICLE{Rice2006,
  author = {Keren Rice},
  year = {2006},
  title = {A typology of good grammars},
  journal = {Studies in Language},
  volume = {30},
  number = {2},
  pages = {385-415},
  owner = {snordhoff},
  timestamp = {2006.05.02}
}

@UNPUBLISHED{SimonsEtAl2004,
  author = {Gary Simons and Brian Fitzsimons and Terry Langendoen and Wiliam
	Lewis and Scott Farrar and Alexis Lanham and Ruby Basham and Hector
	Gonzalez},
  title = {A model for interoperability {X}{M}{L} documents as an {R}{D}{F} database.},
  note = {Proceedings of the EMELD Language Digitization Project Conference
	2004. http://linguistlist.org/emeld/workshop/2004/simonspaper.pdf},
  year = {2004},
  owner = {snordhoff},
  timestamp = {2009.10.23}
}

@ARTICLE{Weber2006grow,
  author = {David Weber},
  year = {2006},
  title = {Thoughts on growing a grammar},
  journal = {Studies in Language},
  volume = {30},
  number = {2},
  pages = {417-444},
  owner = {snordhoff},
  timestamp = {2006.05.02}
}

@ARTICLE{Weber2006ex,
  author = {David J. Weber},
  year = {2006},
  title = {The linguistic example},
  journal = {Studies in Language},
  volume = {30},
  number = {2},
  pages = {445-460},
  owner = {snordhoff},
  timestamp = {2006.05.02}
}

@ARTICLE{Woodbury2003,
  author = {Tony Woodbury},
  year = {2003},
  title = {Defining documentary linguistics},
  journal = {Language Documentation and Description},
  volume = {1},
  pages = {35--51},
  owner = {snordhoff},
  timestamp = {2007.07.27}
}

@UNPUBLISHED{Zaefferer2005,
  author = {Dietmar Zaefferer},
  title = {The place of linguistic concepts within a general ontology of everyday
	life},
  note = {Proceedings of the EMELD Language Digitization Project Conference
	2005. http://www.linguistlist.org/emeld/workshop/2005/papers/Zaefferer-paper.doc},
  year = {2005},
  owner = {snordhoff},
  timestamp = {2009.10.23}
}

@BOOK{AmekaEtAl2006,
  editor = {Felix K. Ameka and Alan Dench and Nicholas Evans},
  year = {2006},
  title = {Catching language -- {T}he {S}tanding {C}hallenge of {G}rammar {W}riting},
  address = {Berlin, New York},
  publisher = {Mouton de Gruyter},
  owner = {snordhoff},
  timestamp = {2007.07.26}
}

@BOOK{BarwickEtAlEd2006,
  editor = {Linda Barwick and Nick Thieberger},
  year = {2006},
  title = {Sustainable data from digital fieldwork},
  address = {Sydney},
  publisher = {University of Sydney},
  owner = {snordhoff},
  timestamp = {2009.10.23}
}

@BOOK{GippertEtAlEd2006,
  editor = {Jost Gippert and Nikolaus Himmelmann and Ulrike Mosel},
  year = {2006},
  title = {Essentials of language documentation},
  address = {Berlin},
  publisher = {Mouton de Gruyter},
  owner = {snordhoff},
  timestamp = {2009.10.23}
}

@BOOK{Zaefferer1998ed,
  editor = {Dietmar Zaefferer},
  year = {1998},
  title = {Deskriptive {G}rammatik und allgemeiner {S}prachvergleich},
  address = {Tübingen},
  publisher = {Niemeyer},
  owner = {snordhoff},
  timestamp = {2006.05.02}
}

@comment{jabref-meta: selector_publisher:}

@comment{jabref-meta: selector_author:}

@comment{jabref-meta: selector_journal:}

@comment{jabref-meta: selector_keywords:}

