% This file was created with JabRef 2.3.1.
% Encoding: Cp1252

@INCOLLECTION{Enfield2007,
  author = {Nick Enfield},
  title = {Heterosemy and the grammar-lexicon trade-off},
  crossref = {AmekaEtAl2007},
  pages = {297--320},
  owner = {snordhoff},
  timestamp = {2007.07.26}
}

@INCOLLECTION{Schmidt2003,
  author = {Ruth Laila Schmidt},
  title = {Urdu},
  crossref = {IndoAryanLanguages},
  pages = {286--351},
  owner = {snordhoff},
  timestamp = {2009.01.05}
}

@PHDTHESIS{vanSchaaik1994,
  author = {Gerjan {van Schaaik}},
  title = {Studies in {T}urkish {G}rammar},
  school = {Universiteit van Amsterdam},
  year = {1994},
  owner = {snordhoff},
  timestamp = {2008.06.23}
}

@BOOK{Alpher1991,
  author = {B. Alpher},
  year = {1991},
  title = {Yir-{Y}oront lexicon: sketch and dictionary of an {A}ustralian language},
  address = {Berlin},
  publisher = {Mouton de Gruyter},
  owner = {snordhoff},
  timestamp = {2006.09.25}
}

@ARTICLE{Andrzejewski1960,
  author = {B. W. Andrzejewski},
  year = {1960},
  title = {The categories of number in noun forms in the {B}orana dialect of {G}alla},
  journal = {Africa},
  volume = {30},
  pages = {62--75},
  owner = {snordhoff},
  timestamp = {2006.09.11}
}

@BOOK{Arokhianatan1987,
  author = {S. Arokhianatan},
  year = {1987},
  title = {Tangkhul {N}aga {G}rammar},
  address = {Mysore},
  publisher = {Central Institue of Indian Languages},
  owner = {snordhoff},
  timestamp = {2007.07.26}
}

@BOOK{Bloomfield1962,
  author = {Leonard Bloomfield},
  year = {1962},
  title = {The {M}enomini {L}anguage},
  address = {New Haven, London},
  publisher = {Yale University Press},
  owner = {snordhoff},
  timestamp = {2009.10.23}
}

@BOOK{Buechel1939,
  author = {Eugene Buechel},
  year = {1939},
  title = {A {G}rammar of {L}akota},
  address = {Rosebud},
  publisher = {Rosebud Educational Society},
  owner = {snordhoff},
  timestamp = {2009.10.23}
}

@ARTICLE{CorbettEtAl1987,
  author = {Greville C. Corbett and Richard Hayward},
  year = {1987},
  title = {Gender and number in {B}ayso},
  journal = {Lingua},
  volume = {73},
  number = {1--28},
  owner = {snordhoff},
  timestamp = {2006.09.11}
}

@BOOK{Donohue1999,
  author = {Mark Donohue},
  year = {1999},
  title = {A {G}rammar of {T}ukang {B}esi},
  address = {Berlin, New York},
  publisher = {Mouton de Gruyter},
  owner = {snordhoff},
  timestamp = {2006.05.02}
}

@ARTICLE{Early2007,
  author = {Robert Early},
  year = {2007},
  title = {Review of {A} {G}rammar of {S}outh {E}fate: {A}n {O}ceanic {L}anguage of {V}anuatu},
  journal = {Language Documentation \& Conservation},
  volume = {1},
  number = {1},
  pages = {112--122},
  owner = {snordhoff},
  timestamp = {2007.07.27}
}

@BOOK{Epps2008,
  author = {Patience Epps},
  year = {2008},
  title = {A {G}rammar of {H}up},
  address = {Berlin, New York},
  publisher = {Mouton de Gruyter},
  owner = {snordhoff},
  timestamp = {2009.10.23}
}

@BOOK{Frohnmeyer1889,
  author = {L. J. Frohnmeyer},
  year = {1889},
  title = {A progressive grammar of the {M}alayalam language},
  owner = {snordhoff},
  timestamp = {2009.10.23}
}

@BOOK{GrevisseEtAl1995,
  author = {Maurice Grevisse and Andr\'e Goosse},
  year = {1995},
  title = {Nouvelle {G}rammaire {F}ran\c aise},
  address = {Brussels},
  publisher = {De Boeck \& Larcier},
  edition = {3},
  owner = {snordhoff},
  timestamp = {2009.10.28}
}

@BOOK{Hagege1970,
  author = {Claude Hag\`ege},
  year = {1970},
  title = {La langue {M}bum de {N}ghana},
  address = {Paris},
  publisher = {SELAF},
  owner = {snordhoff},
  timestamp = {2009.10.23}
}

@BOOK{Hammarstroem2007,
  author = {Harald Hammarstr\"om},
  year = {2007},
  title = {Handbook of descriptive language knowledge : a full-scale reference
	guide for typologists},
  address = {M\"unchen},
  publisher = {Lincom Europa},
  owner = {snordhoff},
  timestamp = {2009.10.23}
}

@BOOK{Haspelmath1993,
  author = {Martin Haspelmath},
  year = {1993},
  title = {A {G}rammar of {L}ezgian},
  address = {Berlin, New York},
  publisher = {Mouton de Gruyter},
  owner = {snordhoff},
  timestamp = {2006.05.02}
}

@BOOK{Hayward1984,
  author = {Richard Hayward},
  year = {1984},
  title = {The {A}rbore language: a {F}irst {I}nvestigation: {I}ncluding a {V}ocabulary},
  address = {Hamburg},
  publisher = {Buske},
  owner = {snordhoff},
  timestamp = {2006.09.11}
}

@UNPUBLISHED{Holton2003,
  author = {GarY Holton},
  title = {Approaches to digitization and annotation: {A} survey of language documentation
	materials in the Alaska Native Language Center Archive. P},
  year = {2003},
  note = {roceedings of the EMELD Language Digitization Project Conference
	2003. http://www.linguistlist.org/emeld/workshop/2003/paper-Holton.pdf},
  owner = {snordhoff},
  timestamp = {2009.10.23}
}

@BOOK{Hualde2005,
  author = {José Ignacio Hualde},
  year = {2005},
  title = {The {S}ounds of {S}panish},
  address = {Cambridge},
  publisher = {CUP},
  owner = {snordhoff},
  timestamp = {2009.01.05}
}

@BOOK{Klamer1998,
  author = {Marian Klamer},
  year = {1998},
  title = {A grammar of {K}ambera},
  address = {Berlin},
  publisher = {Mouton de Gruyter},
  owner = {snordhoff},
  timestamp = {2008.07.01}
}

@BOOK{Kouwenberg1993,
  author = {Silvia Kouwenberg},
  year = {1993},
  title = {A {G}rammar of {B}erbice {D}utch {C}reole},
  address = {Berlin, New York},
  publisher = {Mouton de Gruyter},
  owner = {snordhoff},
  timestamp = {2006.05.04}
}

@BOOK{Language1957,
  author = {The Karok Language},
  year = {1957},
  title = {William {B}right},
  address = {Berkeley and Los Angeles},
  publisher = {University of California Press},
  owner = {snordhoff},
  timestamp = {2009.10.23}
}

@BOOK{LiEtAl1981,
  author = {Charles N. Li and Sandra A. Thompson},
  year = {1981},
  title = {Mandarin {C}hinese -- {A} functional reference grammar},
  address = {Berkeley},
  publisher = {University of California Press},
  owner = {snordhoff},
  timestamp = {2006.05.04}
}

@BOOK{MorseEtAl1999,
  author = {Nancy L. Morse and Michael B. Maxwell},
  year = {1999},
  title = {Cubeo grammar},
  address = {Arlington},
  publisher = {SIL and The University of Texas},
  owner = {snordhoff},
  timestamp = {2007.07.26}
}

@BOOK{MoselEtAl1992,
  author = {Ulrike Mosel and Even Hovdhaugen},
  year = {1992},
  title = {Samoan {R}eference {G}rammar},
  address = {Oslo},
  publisher = {Scandinavian University Press},
  owner = {snordhoff},
  timestamp = {2006.06.21}
}

@BOOK{Neukom2001,
  author = {Lucas Neukom},
  year = {2001},
  title = {Santali},
  address = {Munich},
  publisher = {Lincom Europa},
  owner = {snordhoff},
  timestamp = {2008.07.01}
}

@BOOK{Newman2000,
  author = {Paul Newman},
  year = {2000},
  title = {The {H}ausa {L}anguage -- {A}n encyclopedic reference grammar},
  address = {New Haven, London},
  publisher = {Yale University Press},
  owner = {snordhoff},
  timestamp = {2009.10.23}
}

@PHDTHESIS{Overton1972,
  author = {Harold J. Overton},
  title = {A generative-transformational grammar of the {K}ikuyu language based
	on the Neri dialect},
  school = {Louisiana State University and Agricultural and Mechanical College},
  year = {1972},
  owner = {snordhoff},
  timestamp = {2009.10.28}
}

@BOOK{Robson1992,
  author = {Stuart Robson},
  year = {1992},
  title = {Javanese grammar for students},
  address = {Clayton, Victoria},
  publisher = {Centre of Southeast Asian Studies, Monash University},
  owner = {snordhoff},
  timestamp = {2009.01.05}
}

@BOOK{Sasse1988,
  author = {Hans-Jürgen Sasse},
  year = {1988},
  title = {Der irokesische {S}prachtyp.},
  address = {Köln},
  publisher = {Institut für Sprachwissenschaft},
  volume = {9},
  series = {Arbeitspapiere des Instituts f\"ur Sprachwissenschaft Neue Folge},
  owner = {snordhoff},
  timestamp = {2006.06.21}
}

@BOOK{Seiler1985,
  author = {Walter Seiler},
  year = {1985},
  title = {Imonda, a {P}apuan language},
  address = {Canberra},
  publisher = {Department of Linguistics},
  owner = {snordhoff},
  timestamp = {2006.09.11}
}

@BOOK{Thieberger2006,
  author = {Nicholas Thieberger},
  year = {2006},
  title = {A {G}rammar of {S}outh {E}fate: {A}n {O}ceanic {L}anguage of {V}anuatu},
  address = {Honolulu},
  publisher = {University of Hawai'i Press.},
  number = {33},
  series = {Oceanic Linguistics Special Publication},
  owner = {snordhoff},
  timestamp = {2007.03.15}
}

@BOOK{Watkins1984,
  author = {Laurel J. Watkins},
  year = {1984},
  title = {A grammar of {K}iowa},
  address = {Lincoln, London},
  publisher = {University of Nebraska Press},
  owner = {snordhoff},
  timestamp = {2006.09.11}
}

@BOOK{Willett1991,
  author = {Thomas Leslie Willett},
  year = {1991},
  title = {Southeastern {T}epehuan},
  address = {Dallas},
  publisher = {SIL},
  owner = {snordhoff},
  timestamp = {2009.10.23}
}

@MASTERSTHESIS{Wimbish1987,
  author = {John Stedman Wimbish},
  title = {A relational grammar of {I}locano},
  school = {University of Texas at Arlington},
  year = {1987},
  address = {ilokano wimbish},
  owner = {snordhoff},
  timestamp = {2009.10.28}
}

@BOOK{GippertEtAl2006,
  year = {2006},
  title = {Essentials of language documentation},
  editor = {Jost Gippert and Nikolaus Himmelmann and Ulrike Mosel},
  address = {Berlin},
  publisher = {Mouton de Gruyter},
  owner = {snordhoff},
  timestamp = {2007.07.26}
}

@BOOK{IndoAryanLanguages,
  year = {2003},
  title = {The {I}ndo-{A}ryan languages},
  editor = {Dhanesh Jain and George Cardona},
  address = {London},
  publisher = {Routledge},
  owner = {snordhoff},
  timestamp = {2009.01.05}
}

@BOOK{SiL2006,
  year = {2006},
  title = {Perspectives on {G}rammar {W}riting: {S}pecial issue of {S}tudies in {L}anguage
	30:2},
  editor = {Thomas E. Payne and David J. Weber},
  address = {Amsterdam},
  publisher = {John Benjamins},
  owner = {snordhoff},
  timestamp = {2007.07.26}
}

@comment{jabref-meta: selector_journal:30;}

