% This file was created with JabRef 2.3.1.
% Encoding: Cp1252

@INCOLLECTION{Hellmann1990,
  author = {Dagmar Hellmann-Rajanayagam},
  title = {The politics of the {T}amil past},
  crossref = {SpencerEd1990},
  pages = {107--122},
  owner = {snordhoff},
  timestamp = {2009.03.24}
}

@INCOLLECTION{NissanEtAl1990,
  author = {Elizabeth Nissan and R. L. Stirrat},
  title = {The generation of communal identities},
  crossref = {SpencerEd1990},
  pages = {19--44},
  owner = {snordhoff},
  timestamp = {2009.03.24}
}

@INCOLLECTION{Rogers1990,
  author = {John D. Rogers},
  title = {Historical images in the {B}ritish period},
  crossref = {SpencerEd1990},
  pages = {87--106},
  owner = {snordhoff},
  timestamp = {2009.03.24}
}

@BOOK{DeSilva1972,
  author = {Chandra Richard {de Silva}},
  year = {1972},
  title = {The {P}ortuguese in {C}eylon 1617-1638},
  address = {Colombo},
  publisher = {H. W. Cave \& Company},
  owner = {snordhoff},
  timestamp = {2009.06.03}
}

@BOOK{Codrington1926,
  author = {H. W. Codrington},
  year = {1926},
  title = {A {S}hort {H}istory of {C}eylon},
  address = {London},
  publisher = {Macmillan},
  owner = {snordhoff},
  timestamp = {2005.11.07}
}

@BOOK{Desilva1981,
  author = {K. M. {De Silva}},
  year = {1981},
  title = {A history of {S}ri {L}anka},
  address = {London},
  publisher = {Hurst},
  owner = {snordhoff},
  timestamp = {2006.06.07}
}

@BOOK{Goonetileke19701983,
  author = {H A I Goonetileke},
  year = {1970--1983},
  title = {A bibliography of {C}eylon},
  address = {Zug},
  publisher = {Inter Documentation Corp.},
  owner = {snordhoff},
  timestamp = {2009.05.15}
}

@BOOK{Gunasinghe1985,
  author = {P. A. T. Gunasinghe},
  year = {ca. 1985},
  title = {The {T}amils of {S}ri {L}anka -- {T}heir {H}istory and {R}ôle},
  address = {Colombo},
  publisher = {Cave},
  owner = {snordhoff},
  timestamp = {2005.11.07}
}

@ARTICLE{Hornell192x,
  author = {J Hornell},
  year = {192?},
  title = {The origin and ethnological significance of {I}ndian boat designs.},
  journal = {Memoirs of the Asiatic Society of Bengal},
  volume = {VII},
  number = {3},
  owner = {snordhoff},
  timestamp = {2009.05.11}
}

@BOOK{Hussein2007,
  author = {Asiff Hussein},
  year = {2007},
  title = {Sarandib -- {A}n {E}thnological {S}tudy of the {M}uslims of {S}ri {L}anka},
  address = {Dehiwala},
  publisher = {Asiff Hussein},
  owner = {snordhoff},
  timestamp = {2009.05.11}
}

@BOOK{Ludowyk1966,
  author = {E. F. C. Ludowyk},
  year = {1966},
  title = {The {M}odern {H}istory of {C}eylon},
  address = {London},
  publisher = {Weidenfeld and Nicholson},
  owner = {snordhoff},
  timestamp = {2005.11.07}
}

@BOOK{Nuhman2007,
  author = {M A Nuhman},
  year = {2007},
  title = {Sri {L}ankan {M}uslims -- {E}thnic {I}dentity within {C}ultural {D}iversity},
  address = {Colombo},
  publisher = {International Centre for Ethnic Studies},
  owner = {snordhoff},
  timestamp = {2009.05.11}
}

@BOOK{Percival1803,
  author = {Robert Percival},
  year = {1803},
  title = {An account of the island of {C}eylon},
  address = {London},
  owner = {snordhoff},
  timestamp = {2009.03.17}
}

@BOOK{Pieris1918,
  author = {Paul Edward Pieris},
  year = {1918},
  title = {Ceylon and the {H}ollanders, 1658-1796},
  address = {Tellippalai},
  publisher = {American Ceylon Mission Press},
  owner = {snordhoff},
  timestamp = {2009.05.29}
}

@BOOK{Schweitzer1931,
  author = {Christoph Schweitzer},
  year = {1931[1680]},
  title = {Reise nach {J}ava und {C}eylon, 1675--1682},
  address = {Haag},
  publisher = {Nijhoff},
  note = {originally published by Nijhoff in Haag in 1680},
  owner = {snordhoff},
  timestamp = {2009.04.29}
}

@BOOK{Tennent1859,
  author = {James Emerson Tennent},
  year = {1859},
  title = {Ceylon, an {A}ccount of the {I}sland: {P}hysical, {H}istorical and {T}opographical},
  address = {London},
  owner = {snordhoff},
  timestamp = {2009.03.24}
}

@BOOK{Vlekke1943,
  author = {Bernardus Hubertus Maria Vlekke},
  year = {1943},
  title = {Nusantara : a history of the {E}ast {I}ndian {A}rchipelago},
  address = {Cambridge},
  publisher = {Harvard University Press},
  owner = {snordhoff},
  timestamp = {2009.04.29}
}

@BOOK{Winius1971,
  author = {George Davison Winius},
  year = {1971},
  title = {The {F}atal {H}istory of {P}ortuguese {C}eylon},
  address = {Cambridge},
  publisher = {Harvard University Press},
  owner = {snordhoff},
  timestamp = {2005.11.07}
}

@BOOK{SpencerEd1990,
  year = {1990},
  title = {Sri {L}anka -- {H}istory and {R}oots of the {C}onflict},
  editor = {Jonathan Spencer},
  address = {London},
  publisher = {Routledge},
  owner = {snordhoff},
  timestamp = {2009.03.24}
}

