@incollection{Adelaar1991,
	author={Adelaar, K.A.},
	year={1991},
	title={Some Notes on the Origin of Sri Lanka Malay},
	editor={H. Steinhauer},
	booktitle={Papers in Austronesian Linguistics},
	volume = {No. 1}, 
	series={Pacific Linguistics Series A-81},
	address={Canberra},
	publisher={Australian National University},
	pages={23-37},
}

@incollection{AdelaarEtAl1996,
	author={Adelaar, K.A. and Prentice, D.J. },
	year={1996},
	title={Malay: its History, Role and Spread}, 
	editor={Wurm, Stephen A. and M\"uhlh\"ausler andPeter and Tryon, Darrell T.},  booktitle={Atlas of Languages of Intercultural Communication in the Pacific, Asia and the Americas},
	volume={Volume II.1: Texts},
	address={Berlin},
	publisher={Mouton de Gruyter},
	pages = {673-693},
}

@mastersthesis{Bichsel1989,
	author={Bichsel-Stettler,Anne},
	year={1989},
	title={Aspects of the Sri Lanka Malay Community and their Language}, school={University of Bern}
}

@incollection{Blust1988,
	author={Blust,Robert},
	year={1988},
	title={Malay historical linguistics: A progress report},
	editor={Mohd. Thani Ahmad and Zaini Mohamed Zain},
	booktitle={Rekonstruksi dan Cabang-Cabang Bahasa Melayu Induk [Reconstruction and the branches of Malay]},
	address={ Kuala Lumpur},
	publisher={Dewan Bahasa dan Pustaka},
	pages={1-33}
}

@book{Coope1976,
	author={Coope,A.E. },
	year={1976},
	title={A Malay-English Dictionary},
	address={ London},
	publisher={Macmillan}
}

@misc{Gil2010,
	author={Gil,David},
	year={2010},
	title={Malay/Indonesian Dialect Geography and the Sources of Sri Lankan Malay},
	howpublished={Presentation at The Workshop on Sri Lanka Malay, Max Planck Institute for Evolutionary Anthropology, Leipzig, Germany}
}

@book{Hussainmiya1987,
	author={Hussainmiya,B.A. },
	year={1987},
	title={Lost Cousins: The Malays of Sri Lanka},
	address={ Bangi: },
	publisher={Penerbit Universiti Kebangsaan Malaysia}
}

@book{Iskandar1970,
	author={Iskandar, Teuku},
	year={1970},
	title={Kamus Dewan [Council Dictionary]},
	address={ Kuala Lumpur},
	publisher={Dewan Bahasa dan Pustaka}
}

@book{Saldin2007kamus,
	title={Kamus Bahasa Melayu},
	year={2007}
}

@book{Kamusbesar1991,
	title={Kamus Besar Bahasa Indonesia [The Great Indonesian Dictionary]},
	edition={2},
	year={1991},
	address={ Jakarta},
	publisher={Balai Pustaka}
}

@phdthesis{Nordhoff2009,
	author={Nordhoff,Sebastian},
	year={2009},
	title={A Grammar of Upcountry Sri Lanka Malay. Ph.D. Dissertation}, school={University of Amsterdam}
}

@mastersthesis{Paauw2004,
	author={Paauw,Scott},
	year={2004},
	title={A Historical Analysis of the Lexicon of Sri Lanka Malay},
	school={York University (Toronto)},
	note={Presented as a paper at the meeting of the Linguistic Society of America/Society for Pigeon and Creole Linguistics, Oakland, CA, January 2005}
}

@phdthesis{Paauw2008,
	author={Paauw,Scott},
	year={2008},
	title={The Malay Contact Varieties of Eastern Indonesia: A Typological Comparison}, 
	school={University at Buffalo}
}

@book{lifco1975,
	title={The Lifco Tamil-Tamil-English Dictionary},
	year={1975},
	address={Chennai},
	publisher={Little Flower},
}