% This file was created with JabRef 2.3.1.
% Encoding: UTF-8

@ARTICLE{HammarstroemEtAl2010langdoc,
  author = {Harald Hammarstr\"om and Sebastian Nordhoff},
  year = {2010},
  title = {LangDoc: Bibliographic Infrastructure for Linguistic Typology},
  journal = {Oslo Studies in Language},
  volume = {to appear},
  pages = {to appear}
}

@comment{jabref-meta: selector_publisher:}

@comment{jabref-meta: selector_author:}

@comment{jabref-meta: selector_journal:}

@comment{jabref-meta: selector_keywords:}

