% This file was created with JabRef 2.3.1.
% Encoding: Cp1252

@INCOLLECTION{AnsaldoEtAl2009age,
  author = {Umberto Ansaldo and Sebastian Nordhoff},
  year = {2009},
  title = {Complexity and the age of languages},
  booktitle = {Complex processes in new languages},
  editor = {Enoch O. Aboh and N. Smith},
  address = {Amsterdam},
  publisher = {John Benjamins},
  owner = {snordhoff},
  timestamp = {2009.04.29}
}

@UNPUBLISHED{AnsaldoEtAlFCLT,
  author = {Umberto Ansaldo and Sebastian Nordhoff},
  title = {Typological dynamics in contact language formation.
	
	Congruence, frequency and metatypy in Sri Lanka Malay grammar},
  year = {submitted},
  owner = {snordhoff},
  timestamp = {2009.04.29}
}

@UNPUBLISHED{AnsaldoEtAl2006SWL,
  author = {Umberto Ansaldo and Sebastian Nordhoff},
  title = {The role of typological pressure in contact-induced restructuring},
  note = {paper presented at the conference Syntax of the World's Languages
	II, Lancaster, UK},
  month = {September},
  year = {2006},
  owner = {snordhoff},
  timestamp = {2007.08.08}
}

@ARTICLE{ApoussidouEtAlfc,
  author = {Diana Apoussidou and Sebastian Nordhoff},
  year = {in preparation},
  title = {Segmental and suprasegmental phonology in language contact},
  owner = {snordhoff},
  timestamp = {2007.08.08}
}

@UNPUBLISHED{ApoussidouEtAl2009,
  author = {Diana Apoussidou and Sebastian Nordhoff},
  title = {Feet in Sri Lanka Malay -- no stress please},
  note = {Manuscript University of Amsterdam},
  year = {2009},
  owner = {snordhoff},
  timestamp = {2009.01.07}
}

@UNPUBLISHED{ApoussidouEtAl2008,
  author = {Diana Apoussidou and Sebastian Nordhoff},
  title = {Feet in Sri Lanka Malay -- no stress please},
  note = {Paper presented at OCP 5, January 2008, Toulouse},
  year = {2008},
  owner = {snordhoff},
  timestamp = {2009.01.07}
}

@INCOLLECTION{NitzEtAl2010,
  author = {Eike Nitz and Sebastian Nordhoff},
  year = {2010},
  title = {Subtractive Plural Morphology in Sinhala},
  pages = {247-266},
  booktitle = {Rara \& Rarissima. Collecting and interpreting unusual characteristics
	of human languages},
  editor = {Jan Wohlgemuth and Michael Cysouw},
  address = {Berlin},
  publisher = {Mouton de Gruyter},
  owner = {snordhoff},
  timestamp = {2007.08.08}
}

@INCOLLECTION{Nordhofffcjoat,
  author = {Sebastian Nordhoff},
  year = {forthcoming},
  title = {Jack-of-all-trades: The Sri Lankan Malay property word},
  booktitle = {Flexible word classes: a typological study of underspecified parts-of-speech},
  editor = {van Lier, Eva and Rijkhoff, Jan},
  address = {Oxford},
  publisher = {OUP},
  month = {April},
  note = {Paper presented at the Workshop on flexible languages, Amsterdam},
  owner = {snordhoff},
  timestamp = {2007.08.08}
}

@ARTICLE{NordhoffSubDirections,
  author = {Sebastian Nordhoff},
  year = {submitted},
  title = {Directions of language change in a trilingual setting},
  owner = {snordhoff},
  timestamp = {2008.06.23}
}

@ARTICLE{Nordhofffccopula,
  author = {Nordhoff, Sebastian},
  year = {forthcoming},
  title = {Coming to be a copula in Sri Lanka Malay -- an unusual grammaticalization
	path},
  journal = {Folia Linguistica},
  owner = {sebastian_nordhoff},
  timestamp = {2010.11.09}
}

@ARTICLE{Nordhofffcsvc,
  author = {Sebastian Nordhoff},
  year = {forthcoming},
  title = {Multi-verb constructions in Sri Lanka Malay},
  journal = {Journal of Pidgin and Creole Languages},
  owner = {sebastian_nordhoff},
  timestamp = {2011.03.24}
}

@ARTICLE{Nordhofffctransparency,
  author = {Nordhoff, Sebastian},
  year = {fc},
  title = {Transparency in Sri Lanka Malay},
  journal = {Linguistics in Amsterdam},
  volume = {99},
  number = {99},
  owner = {sebastian_nordhoff},
  timestamp = {2011.03.24}
}

@ARTICLE{Nordhoff2011copula,
  author = {Sebastian Nordhoff},
  year = {2011},
  title = {Having come to be a copula in Sri Lanka Malay -- an unusual grammaticalization
	path},
  journal = {Folia Linguistica},
  volume = {45},
  number = {1},
  pages = {103-126},
  owner = {sebastian_nordhoff},
  timestamp = {2011.03.24}
}

@MISC{Nordhoff2010ismil,
  author = {Nordhoff, Sebastian},
  title = {Sinhala influence in Sri Lanka Malay},
  howpublished = {Paper presented at ISMIL XIV, University of Minnesota},
  month = {May},
  year = {2010},
  owner = {sebastian_nordhoff},
  timestamp = {2010.10.13}
}

@UNPUBLISHED{Nordhoff2010valency,
  author = {Nordhoff, Sebastian},
  title = {No Valency Classes in Sri Lanka Malay},
  note = {Paper presented at the workshop on valency classes, Max Planck Institute
	for Evolutionary Anthropology, Leipzig, August 2010.},
  year = {2010},
  owner = {sebastian_nordhoff},
  timestamp = {2011.03.24}
}

@PHDTHESIS{Nordhoff2009phd,
  author = {Sebastian Nordhoff},
  title = {A Grammar of Upcountry Sri Lanka Malay},
  school = {University of Amsterdam},
  year = {2009}
}

@ARTICLE{Nordhoff2008jldc,
  author = {Sebastian Nordhoff},
  year = {2008},
  title = {Electronic reference grammars for typology -- challenges and solutions},
  journal = {Journal for Language Documentation and Conservation},
  volume = {2},
  number = {2},
  pages = {296--324},
  owner = {snordhoff},
  timestamp = {2009.05.15}
}

@UNPUBLISHED{Nordhoff2007alt,
  author = {Sebastian Nordhoff},
  title = {Grammar writing in the Electronic Age},
  note = {Paper presented at the ALT VII conference in Paris},
  year = {2007},
  owner = {snordhoff},
  timestamp = {2009.05.15}
}

@UNPUBLISHED{Nordhoff2007dobes,
  author = {Sebastian Nordhoff},
  title = {Growing a grammar with GALOES},
  note = {Paper presented at the Dobes workshop at the MPI Nijmegen},
  year = {2007},
  owner = {snordhoff},
  timestamp = {2009.05.15}
}

@UNPUBLISHED{Nordhoff2007mpi,
  author = {Sebastian Nordhoff},
  title = {The grammar authoring system GALOES},
  note = {Paper presented at the workshop ``Wikifying research'' at the MPI
	Leipzig},
  year = {2007},
  owner = {snordhoff},
  timestamp = {2009.05.15}
}

@UNPUBLISHED{Nordhoff2007slmpos,
  author = {Sebastian Nordhoff},
  title = {Jack-of-all-trades: The Sri Lankan Malay property word},
  note = {Paper presented at the Workshop on flexible languages, Amsterdam},
  month = {April},
  year = {2007},
  owner = {snordhoff},
  timestamp = {2007.08.08}
}

@UNPUBLISHED{Nordhoff2007spcl,
  author = {Sebastian Nordhoff},
  title = {Vowel quantity in Sri Lanka Malay},
  note = {paper presented at the Joint Summer Meeting of the SPCL and the ACBLPE
	2007},
  year = {2007},
  owner = {snordhoff},
  timestamp = {2007.08.08}
}

@UNPUBLISHED{NordhoffEtAl2007alt,
  author = {Nordhoff, Sebastian and Slomanson, Peter},
  title = {Independent development in a mixed language},
  note = {Paper presented at the conference Variation and change in contact
	settings, Universit\'e de Paris},
  year = {2007},
  owner = {sebastian_nordhoff},
  timestamp = {2010.11.09}
}

