% This file was created with JabRef 2.3.1.
% Encoding: UTF-8

@BOOK{Alberts2002,
  author = {Alberts, Bruce},
  year = {2002},
  title = {Molecular Biology of the Cell},
  address = {New York},
  publisher = {Garland Science},
  owner = {sebastian_nordhoff},
  timestamp = {2010.10.27}
}

@comment{jabref-meta: selector_publisher:}

@comment{jabref-meta: selector_author:}

@comment{jabref-meta: selector_journal:}

@comment{jabref-meta: selector_keywords:}

