@Book{AmekaEtAlEd2006,
	editor={Ameka, Felix K. and Alan Dench and Nicholas R. D. Evans},
	year="2006",
	title="{C}atching language: {T}he standing challenge of grammar writing",
	series="Trends in linguistics Studies and monographs",
	volume="167",
	address="Berlin",
	publisher="de Gruyter",
}

@misc{AMS-II,
	author={AMS~II},
	title="{A}ccess {M}anagement {S}ystem for language archive resources in {I}{M}{D}{I}-corpora: {L}anguage {A}rchiving {T}echnology",
	url={http://www.lat-mpi.eu/tools/ams/},
	date="16 December, 2011",
}

@misc{ANNEXTROVA,
	author={ANNEX/TROVA},
	title={Annotation {E}xploration tool: {L}anguage {A}rchiving {T}echnology}, 
	url={http://www.lat-mpi.eu/tools/annex/},
	date="16 December, 2011",
}

@misc{ARBIL,
	author={ARBIL. Metadata Editor, Browser and Organizer Tool : Language Archiving Technology},
	url={http://www.lat-mpi.eu/tools/arbil},
	date="20 April, 2011",
}

@misc{Baryshnikov2010,
	author={Baryshnikov, Max},
	title={S{A}{P}{I}{D} -- free ware open source {C}{M}{S} software with {X}{M}{L} {S}apiens, file flat, {W}{Y}{S}{I}{W}{Y}{G}, {R}{S}{S} and web services development tool (for news publishing, gallery, survey, ecommerce etc.)},
	url={http://sapid.sourceforge.net/},
	date="26 August, 2010",
}

@incollection{BenderEtAl2010lingo,
	author={Bender, Emily M and Scott Drellishak and Antske Fokkens and Michael W. Goodman and Daniel P. Mills and Laurie Poulson and Safiyyah Saleem},
	year="2010",
	title={Grammar {P}rototyping and {T}esting with the {L}in{G}{O} {G}rammar {M}atrix {C}ustomization {S}ystem},
	booktitle={Proceedings of the {A}{C}{L} 2010 {S}ystem {D}emonstrations}, 
	pages={1-6},
	address={Uppsala, Sweden},
	publisher={Association for Computational Linguistics},
}

@article{BenderEtAl2010clislt,
	author={Bender, Emily M. and D. Terence Langendoen},
	year="2010",
	title={Computational {L}inguistics in {S}upport of {L}inguistic {T}heory},
	journal={Linguistic Issues in Language Technology},
	volume="3",
	issue="2",
	pages="1--31",
	url={http://elanguage.net/journals/index.php/lilt/article/view/661/522},
	date="28 December, 2011",
}

@article{Bird2009,
	author={Bird, Steven},
	year="2009",
	title={Natural {L}anguage {P}rocessing and {L}inguistic {F}ieldwork},
	journal="Computational Linguistics", 
	volume="35",
	pages="469--474",
}

@article{BirdEtAl2003,
	author={Bird, Steven and Gary Simons},
	year="2003",
	title={Seven {D}imensions of {P}ortability for {L}anguage {D}ocumentation and {D}escription},
	journal={Language},
	volume="79",
	issue="3",
	pages="557--582",
}

@misc{Black2010,
	author={Black, H. Andrew},
	year="2010",
	title={X{L}ing{P}aper with the {X}{M}{L}mind {X}{M}{L} {E}ditor}, 
	url={http://www.sil.org/\~{}blacka/xlingpap/index.htm},
}

@incollection{Black2009,
	author={Black, H. Andrew},
	title={Writing {L}inguistic {P}apers in the {T}hird {W}ave},
	booktitle={S{I}{L} {F}orum for {L}anguage {F}ieldwork 2009-004},
	year="2009",
	publisher={SIL International},
	url={http://www.sil.org/silepubs/Pubs/52286/SILForum2009-004.pdf},
	date="20 December, 2011",
}

@incollection{BowEtAl2003tgmilt,
	author={Bow, Catherine and Baden Hughes and Steven Bird},
	year="2003",
	title={Towards a general model of interlinear text},
	booktitle={Proceedings of {E}{M}{E}{L}{D} {W}orkshop 2003: {D}igitizing and {A}nnotating {T}exts and {F}ield {R}ecordings},
	address="Lansing MI, USA",
}

@article{BowEtAl2003a4lmilt,
	author={Bow, Catherine and Baden Hughes and Steven Bird},
	year="2003",
	title={A {F}our-{L}evel {M}odel for {I}nterlinear {T}ext},
}

@misc{Broeder2011,
	author={Broeder, Daan},
	year="2011",
	title={L{A}{M}{U}{S}~and {L}{A}{T} {A}rchiving software ({P}resentation)},
}

@misc{CLARIN,
	author={CLARIN},
	url={http://www.clarin.eu/system/files/broeder-lamus.pdf},
	date="16 December, 2011",
}

@misc{CLARINpid,
	title="{P}ersistent {I}dentifiers ({P}{I}{D}s): {F}requently {A}sked {Q}uestions",
	author={CLARIN. Persistent Identifiers (PIDs): Frequently Asked Questions},
	url={http://www.clarin.eu/faq/technical-infrastructure/persistent-identifiers-pids-0},
	date="26 August, 2010",
}

@misc{XMLCMS,
	author={Content Management Directory. XML Content Management Systems},
	url={http://content-management-directory.com/cms-41.html},
	date="26 August, 2010",
}

@book{Dixon2010,
	author={Dixon, Robert M. W},
	year="2010",
	title={Basic linguistic theory},
	address="Oxford",
	publisher="Oxford Univ. Press",
}

@misc{ELAN,
	author={ELAN. Eudico Language Annotator : Language Archiving Technology},
	url={http://www.lat-mpi.eu/tools/elan},
	date="19 August, 2010",
}

@article{FarrarEtAl2003,
	author={Farrar, Scott and D. T. Langedoen},
	year="2003",
	title={A linguistic ontology for the {S}emantic {W}eb},
	journal="GLOT International", 
	volume="7",
	issue="3",
	pages="97--100",
}

@misc{FLEX,
	author={FLEX},
	title={S{I}{L} {F}ield{W}orks {L}anguage {E}xplorer (part of {F}ield{W}orks), 3rd ed: {S}{I}{L}~{I}nternational},
	url={http://fieldworks.sil.org/flex/},
	date="13 December, 2011",
}

@misc{FrancopouloEtAl2007,
	author={Francopoulo, Gil and Nuria Bel and Monte George and Nicoletta Calzolari and Monica Monachini and Mandy Pet and Claudia Soria},
	year="2007",
	title={Lexical {M}arkup {F}ramework: {I}{S}{O} standard for semantic information in {N}{L}{P} lexicons},
	url={http://www.tagmatica.fr/lmf/LMFPaperForTubingen17Feburary2007.pdf},
	date="12 December, 2011",
}

@article{Gippert2010,
	author={Gippert, Jost},
	year="2010",
	title={Was kommt ans {L}icht, wenn {T}exte und {B}ilder digital analysiert werden? ``{D}igital {H}umanities'' -- die empirische {W}ende in den {G}eisteswissenschaften},
	journal={Forschung Frankfurt},
	volume="3",
	pages="21--25",
}

@book{GippertEtAlEd2006,
	editor={Gippert, Jost and Nikolaus P. Himmelmann and Ulrike Mosel},
	year="2006",
	title="{E}ssentials of {L}anguage {D}ocumentation",
	address="Berlin, New York",
	publisher="de Gruyter Mouton",
}

@misc{GOLD, 
	title="{G}eneral {O}ntology for {L}inguistic {D}escription",
	author={GOLD. General Ontology for Linguistic Description},
	url={http://linguistics-ontology.org/gold},
	date="25 August, 2010",
}

@incollection{Good2004,
	author={Good, Jeff},
	year="2004",
	title={The {D}escriptive {G}rammar as a ({M}eta){D}atabase},
	booktitle={Proceedings of the {E}-{M}{E}{L}{D} {W}orkshop 2004: {L}inguistic {D}atabases and {B}est {P}ractice, {J}uly},
	pages="15--18",
	address={Detroit, Michigan},
}

@misc{GoodEtAl2010,
	author={Good, Jeff and Tom Myers and Alexander Nakhimovski},
	year="2010",
	title={Interoperability for {L}anguage {D}ocumentation: {T}he {R}ole of {S}emantic {W}eb {T}ools},
}

@article{Himmelmann1998,
	author={Himmelmann, Nikolaus P},
	year="1998",
	title={Documentary and descriptive linguistics},
	journal={Linguistics},
	volume="36",
	issue="1",
	pages="161--195",
}

@incollection{HughesEtAl2004,
	author={Hughes, Baden and Catherine Bow and Steven Bird},
	year="2004",
	title={Functional {R}equirements for an {I}nterlinear {T}ext {E}ditor},
	booktitle={Proceedings of the 4th {I}nternational {C}onference on {L}anguage {R}esources and {E}valuation}, 
	pages="771--775",
	address="Lisbon, Portugal",
}

@misc{IMDI,
	author={IMDI. Isle Metadata Initiative},
	url={http://www.lat-mpi.eu/tools/imdi/},
	date="19 August, 2010",
}

@misc{IMDITeam2003,
	author={IMDI Team},
	year="2003",
	title={I{M}{D}{I} {M}etadata {E}lements for {S}ession {D}escriptions, {V}ersion 3.0.4},
	url={http://www.mpi.nl/IMDI/documents/Proposals/IMDI\_MetaData\_3.0.4.pdf},
	date="6 December, 2011",
}

@misc{IMEX,
	author={IMEX},
	title={Image viewer tool ({P}art of the {I}{M}{D}{I}-{B}rowser in the {L}{A}{T} suite): {L}anguage {A}rchiving {T}echnology},
}

@misc{ISOcat,
	author={ISOcat. Data Category Registry},
	url={http://www.isocat.org/index.html},
	date="25 August, 2010",
}

@article{Kemps-SnijdersEtAl2009,
	author={Kemps-Snijders, Marc and Menzo Windhouwer and Peter Wittenburg and Sue E. Wright},
	year="2009",
	title={I{S}{O}cat: remodelling metadata for language resources},
	journal={International Journal of Metadata, Semantics and Ontologies},
	volume="4",
	issue="4",
	pages="261",
}


@misc{LAMUS,
	author={LAMUS},
	title={Language {A}rchive {M}anagement and {U}pload {S}ystem},
	journal={Language Archiving Technology},
	url={http://www.lat-mpi.eu/tools/lamus/},
	date="16 December, 2011",
}

@misc{LAT,
	author={LAT. Language Archiving Technology},
	url={http://www.lat-mpi.eu/},
	date="19 August, 2010",
}

@incollection{Lehmann2004dog,
	author={Lehmann, Christian},
	year="2004",
	title={Documentation of grammar},
	editor={Osamu Sakiyama},
	series="Lectures on endangered languages",
	volume="4",
	booktitle="{K}yoto conference 2001 ({E}ndangered languages of the {P}acific {R}im {C},004)",
	pages="61--74",
	address="Kyoto",
	publisher="Nakanishi",
}

@incollection{Lehmann2004fg,
	author={Lehmann, Christian},
	year="2004",
	title={Funktionale {G}rammatikographie},
	editor={Waldfried Premper},
	booktitle={Dimensionen und {K}ontinua: {B}eitr\"age zu {H}ansjakob {S}eilers {U}niversalienforschung},
	series="Diversitas linguarum",
	volume="4", 
	pages="147--165",
	address="Bochum",
	publisher="Brockmeyer",
}

@misc{LexiquePro,
	author={Lexique Pro},
	title={Tool for {E}lectronic and {O}nline-{D}ictionaries},
	publisher="SIL~International",
	url={http://www.lexiquepro.com/},
	date="19 December, 2011",
}

@misc{LEXUS,
	author={LEXUS},
	title={Lexus ({O}nline {M}ultimedia {L}exical {D}atabase {T}ool): {L}anguage {A}rchiving {T}echnology},
	url={http://www.lat-mpi.eu/tools/lexus/},
	date="16 December, 2011",
}

@misc{LMF,
	author={LMF},
	title={Lexical {M}arkup {F}ramework. {I}{S}{O}-24613}, 
	edition={16},
}

@misc{Mapix,
	author={Mapix},
	title={A simple {C}{M}{S} based on {X}{M}{L} standards: {I}{R}{C}F},
	url={http://mapixcms.org/},
	date="10 December, 2011",
}

@misc{Moe2008,
	author={Moe, Ronald},
	year="2008",
	title={Field{W}orks {L}anguage {E}xplorer 1.0},
	conference="SIL Forum for Language Fieldwork, 2008-011",
	publisher="SIL International",
	url={http://www.sil.org/silepubs/Pubs/50633/SILForum2008-011.pdf},
	date="6 January, 2011",
}

@article{Newman2008,
	author={Newman, John},
	year="2008",
	title={Spoken {C}orpora: {R}ationale and {A}pplication},
	journal={Taiwan Journal of Linguistics},
	volume="6",
	issue="2",
	pages="27--58",
}
 
 

@misc{Nordhoff2007gwea,
  author = {Sebastian Nordhoff},
  title = {Grammar writing in the {E}lectronic {A}ge},
  year = {2007},
  howpublished = {Paper presented at the ALT VII conference in Paris},
}

@misc{Nordhoff2007ggwg,
  author = {Sebastian Nordhoff},
  title = {Growing a grammar with {G}{A}{L}{O}{E}S},
  year = {2007},
  howpublished = {Paper presented at the Dobes workshop at the MPI Nijmegen},
}

@misc{Nordhoff2007tgasg,
	author={Nordhoff, Sebastian}, 
  title = {The grammar authoring system {G}{A}{L}{O}{E}S},
  year = {2007},
  howpublished = {Paper presented at the workshop ``Wikifying research'' at the MPI
	Leipzig},
}

@misc{Nordhoff2008,
	author={Nordhoff, Sebastian},
	year="2008",
	title={Electronic {R}eference {G}rammars for {T}ypology: {C}hallenges and {S}olutions},
  journal = {Language Documentation \& Conservation},
	volume="2",
	issue="2",
	pages="296--324",
}

@incollection{PalmerEtAl2007,
	author={Palmer, Alex and Katrin Erk},
	year="2007",
	title={I{G}{T}-{X}{M}{L}: an {X}{M}{L} format for interlinearized glossed texts},
	booktitle={A{C}{L} {W}orkshops: {P}roceedings of the {L}inguistic {A}nnotation {W}orkshop}, 
	pages="176--183",
	address="Morristown, NJ, USA",
}

@book{PayneEtAlEd2007,
	editor={Payne, Thomas E. and Davis J. Weber},
	year="2007",
	title="{P}erspectives on {G}rammar {W}riting",
	publisher="John Benjamins Publishing Co.",
}

@incollection{ReedEtAl2009,
	author={Reed, Kenneth and David Sewell},
	year="2009",
	title={A {T}{E}{I}-based {P}ublishing {W}orkflow},
	booktitle="{T}{E}{I} {M}embers {M}eeting",
	address="Ann Arbor",
}

@misc{RELISH, 
	title="{R}{E}{L}{I}{S}{H}. {R}endering {E}ndangered {L}anguages {L}exicons {I}nteroperable {T}hrough {S}tandards {H}armonisation. {F}unded by the {G}erman {R}esearch {F}oundation ({D}{F}{G}) and the {N}ational {E}ndowment for the {H}umanities ({N}{E}{H})",
	author={RELISH. Rendering Endangered Languages Lexicons Interoperable Through Standards Harmonisation. Funded by the German Research Foundation (DFG) and the National Endowment for the Humanities (NEH)},
	url={http://www.mpi.nl/news/news-archive/relish-project-approved.1},
	date="19 August, 2010",
}

@incollection{RingersmaEtAl2010,
	author={Ringersma, Jacquelijn and Sebastian Drude and Marc Kemps-Snijders},
	year="2010",
	title={Lexicon standards: {F}rom de facto standard {T}oolbox {M}{D}{F} to {I}{S}{O} standard {L}{M}F},
	booktitle="{L}{R}{T} standards workshop {E}{L}{R}{A}; {S}eventh conference on {I}nternational {L}anguage  {R}esources and {E}valuation ({L}{R}{E}{C} 2010)",
	address={Valetta, Malta},
}

@incollection{RingersmaEtAl2007,
	author={Ringersma, Jacquelijn and Marc Kemps-Snijders},
	year="2007",
	title={Creating multimedia dictionaries of endangered languages using {L}{E}{X}{U}S},
	editor={H. van Hamme and R. van Son},
	booktitle={Proceedings of {I}nterspeech 2007},
	pages="65--68",
	address="Baixas, France",
	url={http://pubman.mpdl.mpg.de/pubman/item/escidoc:58398:5/component/escidoc:58399/Ringersma_2007_creating.pdf},
	date="18 December, 2011",
}

@book{SchreibmanEtAl2008,
	editor={Schreibman, Susan and Ray Siemens and John Unsworth},
	year="2008",
	title={A {C}ompanion to {D}igital {H}umanities},
	publisher="John Wiley and Sons Ltd.",
}

@incollection{SimonsEtAl2009,
	author={Simons, Gary F. and H. Andrew Black},
	year="2009",
	title={Third wave writing and publishing},
	bootktitle={S{I}{L} {F}orum for {L}anguage {F}ieldwork 2009-005, {D}ecember},
	publisher={SIL International},
	url={http://www.sil.org/silepubs/Pubs/52287/SILForum2009-005.pdf},
	date="20 December, 2011",
}

}

@misc{Schlitz2010,
	author={Stephanie Schlitz},
	year="2010",
	title={T{E}{I}-{X}{M}{L} and {D}rupal},
	note="Blog post 10 August",	
	url={http://stephanieschlitz.com/?p=22},
	date="27 October, 2010",
}

@misc{TEIConsortium2009,
	author={{TEI Consortium}},
	year="2009",
	title={T{E}{I} {P}5: {G}uidelines for {E}lectronic {T}ext {E}ncoding and {I}nterchange}, 
	edition="1",
	address={Oxford, Providence, Charlottesville, Nancy},
}



@book{Knuth1992,
	author={Knuth, Donald E},
	year="1992",
	title={The {T}exbook},
	address="Reading",
}

@Book{Thieberger2006,
	author={Thieberger, Nicholas},
	year="2006",
	title={A grammar of {S}outh {E}fate: {A}n oceanic language of {V}anuatu},
	series="Oceanic linguistics special publication",
	volume="33",
	address="Honolulu",
	publisher="Univ. of Hawai'i Press",
}

@incollection{Thieberger2009,
	author={Thieberger, Nicholas},
	year="2009",
	title={Steps toward a grammar embedded in data},
	editor={Patricia Epps and Alexandre Arkhipov},
	booktitle="{N}ew {C}hallenges in {T}ypology: {T}ranscending the {B}orders and {R}efining the {D}istinctions", 
	pages="389--408",
	address="Berlin; New York, NY",
	publisher="Mouton de Gruyter",
}

@misc{W3C2011,
	author={{The World Wide Web Consortium}},
	year="2011",
	title={Semantic {W}eb},
	url={http://www.w3.org/standards/semanticweb/},
	date="27 July, 2011",
}

@article{Weber2006,
	author={Weber, Davis J},
	year="2006",
	title={Thoughts on growing a grammar},
	journal={Studies in Language},
	volume="30",
	issue="2",
	pages="417--444",
}

@article{Whalen2004,
	author={Whalen, Douglas},
	year="2004",
	title={How the study of endangered languages will revolutionize linguistics},
	editor={Piet van Sterkenburg},
	booktitle={Linguistics today -- facing a greater challenge. typology, endangered languages, methodology and linguistics, language and the mind}, 
	pages="321--342",
	address="Amsterdam",
	publisher="Benjamins Publ",
}

@misc{Withers2009,
	author={Withers, Peter},
	year="2009",
	title={Arbil {P}resentation},
	url={http://www.mpi.nl/tg/j2se/jnlp/linorg/ArbilPresentation20091015.pdf},
	date="12 Dec, 2011",
}

@misc{WittenburgEtAl2006,
	author={Wittenburg, Peter and Hennie Brugman and Albert Russel and Alex Klassmann and Han Sloetjes},
	year="2006",
	title={E{L}{A}{N}: {A} professional framework for multimodality research},
	booktitle={L{R}{E}{C}: {P}roceedings of the 5th {I}nternational {C}onference on {L}anguage {R}esources and {E}valuation}, 
	pages="1556--1559",
	url={http://www.lat-mpi.eu/papers/papers-2006/elan-paper-final.pdf},
	date="14 Dec. (2011)",
}

@book{Zaefferer1998,
	author={Zaefferer, Dietmar},
	year="1998",
	title={Deskriptive {G}rammatik und allgemeiner {S}prachvergleich},
	series={Linguistische Arbeiten},
	volume={383},
	address={T\"ubingen},
	publisher="Niemeyer",
}