% This file was created with JabRef 2.3.1.
% Encoding: UTF-8

@MISC{BernersLee2006,
  author = {Tim Berners-Lee},
  title = {Tim Berners-Lee
	
	Date: 2006-07-27},
  month = {07},
  year = {2006},
  owner = {sebastian_nordhoff},
  timestamp = {2011.08.25},
  url = {http://www.w3.org/DesignIssues/LinkedData.html}
}

@PHDTHESIS{Borthwick1999,
  author = {Andrew Borthwick},
  title = {A Maximum Entropy
	
	Approach to Named Entity Recognition},
  school = {New York University},
  year = {1999},
  owner = {sebastian_nordhoff},
  timestamp = {2011.08.25}
}

@ARTICLE{BowEtAl2003,
  author = {Cathy Bow and Baden Hughes and Steven Bird},
  title = {Towards a general model of interlinear text},
  journal = {Proceedings of EMELD 2003},
  owner = {sebastian_nordhoff},
  timestamp = {2011.08.25}
}

@MISC{Cysouw2009micropub,
  author = {Michael Cysouw},
  title = {Micropublication: footnotes for the 21st Century},
  howpublished = {Paper presented at the workshop ``Small Tools for Cross-Linguistic
	Research'', June 2009, University of Utrecht},
  year = {2009},
  owner = {sebastian_nordhoff},
  timestamp = {2011.08.25}
}

@ARTICLE{DeerwesterEtAl1990,
  author = {Scott Deerwester and Susan T. Dumais and George W. Furnas and Thomas
	K. Landauer and Richard Harshman},
  year = {1990},
  title = {Indexing by latent semantic analysis},
  journal = {Journal ofthe American Society for Informotion Science},
  volume = {41},
  pages = {391-407},
  owner = {sebastian_nordhoff},
  timestamp = {2011.08.25}
}

@INCOLLECTION{Gibbon2005,
  author = {Gibbon, Dafydd},
  year = {2005},
  title = {{Spoken language lexicography: an integrative framework.}},
  pages = {247--289},
  booktitle = {Translatologie - neue Ideen und Ans{\"a}tze. Innsbrucker Ringvorlesungen
	zur Translationswissenschaft IV. Forum Translationswissenschaft},
  editor = {Zybatow, Lew},
  citeulike-article-id = {1321731},
  citeulike-linkout-0 = {http://wwwhomes.uni-bielefeld.de/\~{}gibbon/Docs/gibbon-zybatow-vmlexicon09.pdf},
  keywords = {bibtex-import},
  owner = {sebastian_nordhoff},
  posted-at = {2007-05-23 16:44:55},
  priority = {4},
  timestamp = {2011.08.26},
  url = {http://wwwhomes.uni-bielefeld.de/\~{}gibbon/Docs/gibbon-zybatow-vmlexicon09.pdf}
}

@ARTICLE{HammarstroemEtAl2010langdoc,
  author = {Harald Hammarstr\"om and Sebastian Nordhoff},
  year = {2010},
  title = {LangDoc: Bibliographic Infrastructure for Linguistic Typology},
  journal = {Oslo Studies in Language},
  volume = {to appear},
  pages = {to appear}
}

@BOOK{HeathEtAl2011,
  author = {Tom Heath and Christian Bizer},
  year = {2011},
  title = {Linked Data - Evolving the Web into a Global Data Space},
  address = {San Rafael},
  publisher = {Morgan \& Claypool},
  owner = {sebastian_nordhoff},
  timestamp = {2011.08.25}
}

@ARTICLE{PentonEtAl2004,
  author = {David Penton and Catherine Bow and Steven Bird and Baden Hughes},
  year = {2004},
  title = {Towards a general model for linguistic paradigms},
  journal = {Proceedings of EMELD 2004},
  owner = {sebastian_nordhoff},
  timestamp = {2011.08.25}
}

@BOOK{TEIGuidelines,
  author = {C. M. Sperberg-McQueen and Lou Burnard},
  year = {2010},
  title = {TEI P5: Guidelines for Electronic Text Encoding and Interchange},
  address = {Oxford, Providence, Charlottesville, Nancy},
  publisher = {TEI Consortium},
  owner = {sebastian_nordhoff},
  timestamp = {2011.08.25}
}

@INCOLLECTION{,
  owner = {sebastian_nordhoff},
  timestamp = {2011.08.26}
}

@comment{jabref-meta: selector_publisher:}

@comment{jabref-meta: selector_author:}

@comment{jabref-meta: selector_journal:}

@comment{jabref-meta: selector_keywords:}

