% This file was created with JabRef 2.3.1.
% Encoding: UTF-8

@INCOLLECTION{Bakker2011sampling,
  author = {Dik Bakker},
  year = {2011},
  title = {Language sampling},
  booktitle = {Handbook of Linguistic Typology},
  editor = {Jae Jung Song},
  address = {Oxford},
  publisher = {OUP},
  owner = {sebastian_nordhoff},
  timestamp = {2010.11.13}
}

@UNPUBLISHED{Hammarstroem2007alt,
  author = {Harald Hammarstr\"om},
  title = {A Genetically Stratified Language Sample for Basic Word Order Typology},
  year = {2007},
  howpublished = {Paper Presented at The seventh International Conference of the Association
	for Linguistic Typology (ALT VII), CNRS, Paris, September 25-28,
	2007}
}

@ARTICLE{RijkhoffEtAl1998sampling,
  author = {Rijkhoff, J. and Bakker, D.},
  year = {1998},
  title = {Language sampling},
  journal = {Linguistic Typology},
  volume = {2-3},
  pages = {263-314},
  owner = {sebastian_nordhoff},
  timestamp = {2010.11.13}
}

@ARTICLE{WidmannEtAl2006,
  author = {Widmann, T. and Bakker,P. .},
  year = {2006},
  title = {Does sampling matter? A test in replicability, concerning numerals},
  journal = {Linguistic Typology},
  volume = {10},
  pages = {83-95},
  owner = {sebastian_nordhoff},
  timestamp = {2010.11.13}
}

@comment{jabref-meta: selector_publisher:}

@comment{jabref-meta: selector_author:}

@comment{jabref-meta: selector_journal:}

@comment{jabref-meta: selector_keywords:}

