% This file was created with JabRef 2.5.
% Encoding: UTF-8

@MASTERSTHESIS{Bandara2011,
  author = {Achinthya Bandara},
  school = {University of Colombo},
  year = {2011},
  owner = {snordhoff},
  timestamp = {2011.08.03}
}

@BOOK{Bertolacci1817,
  title = {A view of the agricultural, commercial and financial interests of
	Ceylon},
  publisher = {Black, Parbury and Allen},
  year = {1817},
  author = {Bertolacci, A.},
  address = {London},
  owner = {snordhoff},
  timestamp = {2011.08.09}
}

@BOOK{Callaway1820,
  title = {Vocabulary, in the Ceylon Portuguese, and English languages, with
	a series of Familiar Phrases},
  publisher = {Wesleyan MIssion Press},
  year = {1820},
  author = {John Callaway},
  address = {Colombo},
  owner = {snordhoff},
  timestamp = {2011.07.11}
}

@BOOK{Callaway1818,
  title = {Vocabulary with useful phrases and familiar dialogues; in the English,
	Portuguese, and Cingalese languages},
  publisher = {Colombo},
  year = {1818},
  author = {Callaway, John},
  address = {Wesleyan Mission Press},
  owner = {snordhoff},
  timestamp = {2011.08.09}
}

@ARTICLE{Cardoso2010,
  author = {Cardoso, Hugo},
  year = {2010},
  title = {The African slave population of Portuguese India},
  journal = {Journal of Pidgin and Creole Languages},
  volume = {25},
  pages = {95-119},
  number = {1},
  owner = {snordhoff},
  timestamp = {2011.07.11}
}

@BOOK{Clements1996,
  title = {The Genesis of a Language -- The formation and development of Korlai
	Portuguese},
  publisher = {John Benjamins},
  year = {1996},
  author = {J. Clancy Clements},
  address = {Amsterdam},
  owner = {snordhoff},
  timestamp = {2011.08.09}
}

@ARTICLE{Clements2002,
  author = {Clements, J. C. and Koontz-Garboden, Andrew J.},
  year = {2002},
  title = {Two Indo-Portuguese Creoles in contrast},
  journal = {Journal of Pidgin and Creole Languages},
  volume = {17},
  pages = {191-236},
  issue = {2},
  owner = {snordhoff},
  timestamp = {2011.08.09}
}

@BOOK{Dalgado1919,
  title = {Glossario Luso-Asi\'atico},
  publisher = {Imprensa da Universidade},
  year = {1919},
  author = {Dalgado, Sebasti\~ao Rodolpho},
  address = {Coimbra},
  owner = {snordhoff},
  timestamp = {2011.08.09}
}

@BOOK{Dalgado1900,
  title = {Dialecto Indo-Português de Ceyl\~ao},
  publisher = {Imprensa Nacional},
  year = {1900},
  author = {Dalgado, Sebasti\~ao Rodolpho},
  address = {Lisbon},
  owner = {snordhoff},
  timestamp = {2011.08.09}
}

@INCOLLECTION{Jayasuriya2003diaspora,
  author = {De Silva Jayasuriya, Shihan},
  year = {2003},
  title = {The African diaspora in Sri Lanka},
  booktitle = {The African diaspora in the Indian Ocean},
  editor = {De Silva Jayasuriya, Shihan and Pankhurst, R.},
  address = {Lawrenceville},
  publisher = {Africa World
	
	Press},
  pages = {251-288},
  owner = {snordhoff},
  timestamp = {2011.08.09}
}

@INCOLLECTION{Jayasuriya2005musique,
  author = {De Silva Jayasuriya, Shihan},
  year = {2005},
  title = {La musique cr\'eole Portugaise du Sri Lanka},
  booktitle = {M\'etissages culturels et cr\'eativit\'e},
  editor = {De Villanova, R. and Verm\`es, G},
  address = {Paris},
  publisher = {L’Harmattan},
  owner = {snordhoff},
  timestamp = {2011.08.09}
}

@ARTICLE{Jayasuriya2006afro,
  author = {De Silva Jayasuriya, Shihan},
  year = {2006},
  title = {Les Afro-Sri Lankais: liens et racines},
  journal = {Cahiers des Anneaux de la M\'emoire},
  volume = {9},
  owner = {snordhoff},
  timestamp = {2011.08.09}
}

@ARTICLE{Jayasuriya2006thalassique,
  author = {De Silva Jayasuriya, Shihan},
  year = {2006},
  title = {Un r\'seau thalassique d’\'echanges : les migrations africaines dans
	l’oc\'an Indien},
  journal = {Revue internationale des sciences sociales},
  volume = {188},
  pages = {231-240},
  issue = {2},
  owner = {snordhoff},
  timestamp = {2011.08.09}
}

@BOOK{Jayasuriya2001anth,
  title = {An anthology of Indo-Portuguese verse.},
  publisher = {Edwin Mellen Press.},
  year = {2001},
  author = {De Silva Jayasuriya, Shihan},
  address = {Ceredigion},
  owner = {snordhoff},
  timestamp = {2011.08.09}
}

@ARTICLE{Jayasuriya2001cafres,
  author = {De Silva Jayasuriya, Shihan},
  year = {2001},
  title = {Les cafres de Ceylan: le cha\^inon portugais},
  journal = {Cahiers des Anneaux de la M\'emoire},
  volume = {3},
  pages = {229-253},
  owner = {snordhoff},
  timestamp = {2011.08.09}
}

@BOOK{Jayasuriya2001tagus,
  title = {Tagus to Taprobane: Portuguese impact on the socio-culture of Sri
	Lanka from 1505 AD},
  publisher = {Tisara Publishers},
  year = {2001},
  author = {De Silva Jayasuriya, Shihan},
  address = {Dehiwela},
  owner = {snordhoff},
  timestamp = {2011.08.09}
}

@ARTICLE{Jayasuriya2000imprint,
  author = {De Silva Jayasuriya, Shihan},
  year = {2000},
  title = {Portuguese cultural imprint on Sri
	
	Lanka},
  journal = {Lusotopie},
  pages = {253-259},
  owner = {snordhoff},
  timestamp = {2011.08.09}
}

@INCOLLECTION{JayasuriyaEtAl2003,
  author = {De Silva Jayasuriya, Shihan and  Pankhurst, Richard},
  year = {2003},
  title = {On the African Diaspora in the Indian Ocean region},
  booktitle = {The African diaspora in the Indian Ocean},
  address = {Lawrenceville},
  publisher = {Africa World},
  pages = {7-18},
  owner = {snordhoff},
  timestamp = {2011.08.09}
}

@BOOK{FMNAN2000,
  title = {Portugu\^es de Batticaloa -- Batticaloa su Portugu\^es},
  publisher = {Movimento de Solidariedade Lus\'ofona},
  year = {2000},
  author = {FMNAN},
  address = {Lisbon},
  owner = {sebastian_nordhoff},
  timestamp = {2011.06.27}
}

@INCOLLECTION{Goonatilleka1972,
  author = {Goonatilleka, M. H.},
  year = {1972},
  title = {Ceil\~ao e Portugal -- Rela\cc\~oes Culturais},
  owner = {snordhoff},
  timestamp = {2011.06.24}
}

@ARTICLE{Goonetilleke1892,
  author = {William Goonetilleke},
  year = {1892},
  title = {The Ceylon Portuguese `Diski'},
  journal = {Orientalist},
  volume = {4},
  pages = {89-90},
  number = {6},
  owner = {snordhoff},
  timestamp = {2011.08.03}
}

@INCOLLECTION{Hettiaratchi1969,
  author = {Hettiaratchi, D. E.},
  year = {1969},
  title = {Linguistics in Ceylon},
  booktitle = {Current Trends in Linguistics},
  editor = {Sebeok, Thomas A.},
  address = {The Hague, Paris},
  publisher = {Mouton},
  pages = {736-751},
  owner = {snordhoff},
  timestamp = {2011.08.03}
}

@ARTICLE{Hume2002labial,
  author = {Hume, Elizabeth and Tserdanelis, Georgios},
  year = {2002},
  title = {Labial Unmarkedness in Sri Lankan Portuguese Creole},
  journal = {Phonology},
  volume = {19},
  pages = {441-458},
  owner = {snordhoff},
  timestamp = {2011.07.11}
}

@ARTICLE{HumeEtAl2002,
  author = {Elizabeth Hume and Georgios Tserdanelis},
  year = {2002},
  title = {Labial Unmarkedness in Sri Lankan Portuguese Creole},
  journal = {Phonology},
  volume = {19},
  pages = {441-458},
  number = {3},
  owner = {snordhoff},
  timestamp = {2011.08.03}
}

@INCOLLECTION{Jackson2007,
  author = {Jackson, K. D.},
  year = {2007},
  title = {Singelle Nona: A Traveling Burgher Muse},
  booktitle = {Re-exploring the Links: History and Constructed Histories between
	Portugal and Sri Lanka},
  editor = {Jorge Flores},
  address = {Wiesbaden},
  publisher = {Harrassowitz},
  pages = {299-323},
  owner = {snordhoff},
  timestamp = {2011.08.09}
}

@INCOLLECTION{Jackson1979,
  author = {Jackson, Kenneth David},
  year = {1979},
  title = {Ballad fragments in the Portuguese folklore of Sri Lanka},
  booktitle = {El romancero hoy: nuevas fronteras/The Hispanic ballad today: new
	frontiers},
  editor = {Sanchez, Romeralo Antonio and Diego Catalan and Samuel G. Armistead},
  address = {Madrid},
  publisher = {Gredos},
  pages = {135-143},
  owner = {snordhoff},
  timestamp = {2011.08.09}
}

@BOOK{Jackson2005,
  title = {De Chaul a Batticaloa: As marcas do império marítimo português na
	Índia e no Sri Lanka},
  publisher = {Mar de Letras},
  year = {2005},
  author = {Jackson, K. D.},
  address = {Ericeira},
  owner = {snordhoff},
  timestamp = {2011.08.09}
}

@MISC{Jackson1998,
  author = {Jackson, K. D.},
  title = {A Viagem dos Sons/The Journey of Sounds},
  howpublished = {Compact disks with bilingual books},
  year = {1998},
  owner = {snordhoff},
  timestamp = {2011.08.09}
}

@ARTICLE{Jackson1975,
  author = {Jackson, Kenneth David.},
  year = {1975},
  title = {Bela infanta‟ of Sri Lanka: ballad fragments in Portuguese creole
	communities},
  journal = {Journal of the Sri Lanka Branch of the Royal Asiatic Society (new
	series)},
  volume = {19},
  pages = {17-25},
  owner = {snordhoff},
  timestamp = {2011.08.09}
}

@ARTICLE{KoontzGarboden2000,
  author = {Andrew J. Koontz-Garboden},
  year = {2000},
  title = {On the origins of the Indo-Portuguese Creoles: a phonological comparison
	of Batticaloa Creole Portuguese and Korlai Creole Portuguese},
  journal = {IUWPL},
  volume = {2},
  pages = {1-11},
  owner = {snordhoff},
  timestamp = {2011.07.11}
}

@ARTICLE{McGilvray,
  author = {Dennis B. McGilvray},
  year = {1982},
  title = {Dutch Burghers and Portuguese Mechanics: Eurasian Ethnicity in Sri
	Lanka},
  journal = {Comparative Studies in Society and History},
  volume = {24},
  pages = {235-263},
  number = {2},
  owner = {snordhoff},
  timestamp = {2011.08.03}
}

@UNPUBLISHED{Ragel1984,
  author = {Ragel, F. R.},
  title = {The Portuguese Burghers of Batticaloa},
  note = {Paper prepared for the workshop on the cultural minorities of Sri
	Lanka [13th October 1984]},
  year = {1984},
  owner = {sebastian_nordhoff},
  timestamp = {2011.06.27}
}

@ARTICLE{Jayasuriya2002,
  author = {Shihan de Silva Jayasuriya},
  year = {2002},
  title = {The Portuguese encounter with Sri Lanka: a musical interface},
  journal = {Episteme},
  volume = {IV},
  pages = {183-202},
  number = {10-11-12},
  owner = {sebastian_nordhoff},
  timestamp = {2011.06.27}
}

@INCOLLECTION{Smith1985,
  author = {Smith, Ian},
  year = {1985},
  title = {The development of morphosyntax in Sri Lanka Portuguese},
  booktitle = {Papers from the York Creole Conference, September 24-27, 1983},
  editor = {M. Sebba and L. Todd},
  pages = {291-301},
  owner = {snordhoff},
  timestamp = {2011.08.09}
}

@ARTICLE{Smith1979conv,
  author = {Ian Smith},
  year = {1979},
  title = {Convergence in Sri Lanka: A Creole Example},
  journal = {Lingua},
  volume = {48},
  pages = {193-222},
  owner = {snordhoff},
  timestamp = {2011.07.11}
}

@INCOLLECTION{Smith1998,
  author = {Smith, Ian R.},
  year = {1998},
  title = {Introdu\cc\~ao},
  booktitle = {Dialecto Indo-Português de Ceylão},
  address = {Lisbon},
  publisher = {Comiss\~o Nacional para as Comemora\cc\~oes dos Descobrimentos Portugu\^eses.},
  pages = {11-37},
  owner = {snordhoff},
  timestamp = {2011.08.09}
}

@BOOK{Smith1979substrata,
  title = {Substrata vs. universals in the formation of Sri Lanka Portuguese.},
  publisher = {Pacific Linguistics.},
  year = {1979},
  author = {Smith, Ian R.},
  address = {Canberra},
  volume = {2},
  journal = {Papers in Pidgin and Creole Linguistics, No. 2. Canberra: Pacific
	Linguistics.},
  owner = {snordhoff},
  timestamp = {2011.08.09}
}

@PHDTHESIS{Smith1977,
  author = {Smith, Ian R.},
  title = {Sri Lanka Creole Portuguese phonology},
  school = {Cornell University},
  year = {1977},
  owner = {snordhoff},
  timestamp = {2011.08.09}
}

@BOOK{Tomas1992,
  title = {Os Crioulos Portugueses do Oriente},
  publisher = {Instituto Cultural de Macau},
  year = {1992},
  author = {Maria Isabel Tom\'as},
  address = {Macau},
  owner = {snordhoff},
  timestamp = {2011.08.03}
}

@comment{jabref-meta: selector_publisher:}

@comment{jabref-meta: selector_author:}

@comment{jabref-meta: selector_journal:}

@comment{jabref-meta: selector_keywords:}

