% This file was created with JabRef 2.6.
% Encoding: UTF-8

@BOOK{,
  author = {Knox, R. 1681},
  year = {1817[1681]},
  title = {A historical relation of the Island Ceylon},
  owner = {snordhoff},
  timestamp = {2011.08.09}
}

@comment{jabref-meta: selector_publisher:}

@comment{jabref-meta: selector_author:}

@comment{jabref-meta: selector_journal:}

@comment{jabref-meta: selector_keywords:}

