@incollection{IdeRomary2006,
year={2006},
author={Nancy Ide and Laurent Romary},
title={ Representing Linguistic Corpora and Their Annotations},
booktitle={Proceedings of the 5th Language Resources and Evaluation Conference},
address={Genoa/Italy}
}

@incollection{IdeSuderman2007,
author={Nancy Ide and Keith Suderman},
year={2007},
title={GrAF: A Graph-based Format for Linguistic Annotations},
booktitle={Proceedings of the Linguistic Annotation Workshop, 1â€“8, Prague/Czech Republic}
}

@INCOLLECTION{Nordhoff2012fufomp,
  author = {Sebastian Nordhoff},
  year = {2012},
  title = {The grammatical description as a collection of form-meaning pairs},
  booktitle = {Electronic Grammaticography},
  editor = {Sebastian Nordhoff},
  address = {Manoa},
  publisher = {University of Hawai'i Press},
  pages = {33--62},
  timestamp = {2011.08.25},
  url ={http://scholarspace.manoa.hawaii.edu/bitstream/handle/10125/4529/nordhoff.pdf}
}

