@InProceedings{rXLingPaper,
	author = {Black, H. Andrew},
	year = "2009",
	title = {Writing linguistic papers in the {T}hird {W}ave},
	conference = {SIL Forum for Language Fieldwork},
	date = "2009-04", 
	url = "http://www.sil.org/silepubs/abstract.asp?id = 52286",
	accessed = "30 November, 2011"
}


@MANUAL{rMcConnel,
	author = {McConnel, Stephen},
	year = "1995",
	title = {P{C}-{P}{A}{T}{R} reference manual},
	publisher = "SIL International. ",
	url = "http://www.sil.org/pcpatr/manual/pcpatr.html",
	accessed = "30 November, 2011"
}


@BOOK{rHollenbach,
	author = {Hollenbach, Barbara E},
	year = "1999",
	title = {Elaboraci\'on de gram\'aticas populares de lenguas ind\'igenas: una breve gu\'ia (con referencia especial a las lenguas otomangues).},
	publisher = "Summer Institute of Linguistics",
	url = "http://www.sil.org/americas/mexico/ling/E001-GramaticasPopulares.pdf",
	accessed = "30 November, 2011"
}


@MANUAL{rIJALStyleSheet,
	author = {{International Journal of American Linguistics}},
	year = "2011",
	title = {Style sheet},
	url = "http://www.jstor.org/page/journal/intejamerling/style.html",
	accessed = "1 December, 2011"
}


@MANUAL{rISOPDF1.4,
	author ={{International Organization for Standardization}},
	year = "2005",
	title = {I{S}{O} 19005-1:2005},
	url = "http://www.iso.org/iso/iso_catalogue/catalogue_tc/catalogue_detail.htm?csnumber = 38920",
	accessed = "23 June 2011"
}


@MANUAL{rLanguageStyleSheet,
	author = {{Linguistic Society of America}},
	year = "2011",
	title = {Language style sheet},
	url = "http://www.lsadc.org/info/pubs-lang-style.cfm",
	accessed = "1 December, 2011"
}




@BOOK{rPersonsBlack,
	author = {Persons, David A. and Cheryl A. Black and Jan A. Persons},
	year = "2009",
	title = {Gram\'atica de zapoteco de {L}achix\'io},
	address = "Mexico City",
	publisher = {Instituto Ling\"u\'istico de Verano}, 
	url = "http://www.sil.org/mexico/zapoteca/lachixio/G040-LachixioGram-zpl.htm",
	accessed = "30 November, 2011"
}


@PhDThesis{rPickettDiss,
	author = {Pickett, Velma B},
	year = "1959",
	title = {The grammatical hierarchy of {I}sthmus {Z}apotec},
	school = {University of Michigan}
}


@Book{rPickettBlackMarcial1st,
	author = {Pickett, Velma B. and  Cheryl Black and  Vicente Marcial Cerqueda},
	year = "1998",
	title = {Gram\'atica popular del zapoteco del {I}stmo},
	address = "Juchit\'an, Oaxaca and Tucson",
	publisher = {Centro de Investigaci\'on y Desarrollo Binniz\'a A.C. and Instituto Ling\"u\'istico de Verano A.C.}
}


@Book{rPickettBlackMarcial,
	author = {Pickett, Velma B. and  Cheryl Black and Vicente Marcial Cerqueda},
	year = "2001",
	title = {Gram\'atica popular del zapoteco del {I}stmo},
	edition = "2",
	address = "Juchit\'an, Oaxaca and Tucson",
	publisher = {Centro de Investigaci\'on y Desarrollo Binniz\'a and Instituto Ling\"u\'istico de Verano},
	url = "http://www.sil.org/mexico/zapoteca/istmo/G023a-GramaticaZapIstmo-zai.htm",
	accessed = "30 November, 2011"
}


@Book{rShieber1986,
	author = {Shieber, Stuart M},
	year = "1986",
	title = {An introduction to unification-based approaches to grammar},
	series = "CSLI Lecture Notes",
	volume = "4",
	address = "Stanford, CA",
	publisher = "Center for the Study of Language and Information"
}


@MISC{rSimonsAndBlackSFLF,
	author = {Simons, Gary F. and H. Andrew Black},
	year = "2009",
	title = {Third {W}ave writing and publishing. {S{I}{L} {F}orum for {L}anguage {F}ieldwork }2009-005}, 
	url = "http://www.sil.org/silepubs/abstract.asp?id = 52287",
	accessed = "30 November, 2011"
}


@MANUAL{rW3CHTML,
	author = {{World Wide Web Consortium}},
	year = "1998",
	title = {H{T}{M}{L} 4.0 specification},
	url = "http://www.w3.org/TR/1998/REC-html40-19980424/",
	accessed = "23 June 2011"
}


@MANUAL{rW3CDTD,
	author = {{World Wide Web Consortium}},
	year = "2008",
	title = {Definition of the {X}{M}{L} document type declaration from {E}xtensible {M}arkup {L}anguage ({X}{M}{L}) 1.0 ({F}ifth {E}dition) on {W}3.org.},
	url = "http://www.w3.org/TR/REC-xml/#dt-doctype",
	accessed = "23 June 2011"
} 