% This file was created with JabRef 2.3.1.
% Encoding: Cp1252

@INCOLLECTION{AnsaldoEtAl2007dcctr,
  author = {Umberto Ansaldo and Stephen Matthews},
  year = {2007},
  title = {Deconstructing creole: The rationale},
  crossref = {AnsaldoEtAlEd2007},
  pages = {1--18},
  owner = {snordhoff},
  timestamp = {2009.05.11}
}

@INCOLLECTION{AbohEtAl2007,
  author = {Enoch Aboh and Umberto Ansaldo},
  year = {2007},
  title = {The role of typology in language creation: A descriptive take.},
  pages = {39--66},
  booktitle = {Deconstructing creole},
  editor = {U. Ansaldo and S. Matthews and L. Lim},
  address = {Amsterdam/ Philadelphia},
  publisher = {John Benjamins},
  volume = {73},
  series = {Typological Studies in Language},
  owner = {snordhoff},
  timestamp = {2008.01.09}
}

@INCOLLECTION{Ansaldo2009clfet,
  author = {Umberto Ansaldo},
  year = {2009},
  title = {Contact language formation in evolutionary terms},
  booktitle = {Complex processes in new languages},
  editor = {Enoch Aboh and Norval Smith},
  address = {Amsterdam},
  publisher = {John Benjamins},
  owner = {snordhoff},
  timestamp = {2009.04.29}
}

@INCOLLECTION{Ansaldo2008genesis,
  author = {Umberto Ansaldo},
  year = {2008},
  title = {Sri Lanka Malay revisited: Genesis and classification},
  pages = {13--42},
  booktitle = {A world of many voices: Lessons from documented endangered languages},
  editor = {A. Dwyer and D. Harrison and D. Rood},
  address = {Amsterdam, Philadelphia},
  publisher = {John Benjamins.},
  series = {Studies in Language},
  owner = {snordhoff},
  timestamp = {2008.01.09}
}

@BOOK{Ansaldo2009book,
  author = {Umberto Ansaldo},
  year = {2009},
  title = {Contact languages, Ecology and Evolution in Asia},
  address = {Cambridge},
  publisher = {Cambridge University Press},
  owner = {snordhoff},
  timestamp = {2008.01.09}
}

@UNPUBLISHED{Ansaldo2005ms,
  author = {Umberto Ansaldo},
  title = {Typological admixture in Sri Lanka Malay. The case of Kirinda Java.},
  note = {unpublished manuscript, available at http://home.medewerker.uva.nl/u.ansaldo/index.html},
  year = {2005},
  owner = {snordhoff},
  timestamp = {2008.06.23}
}

@UNPUBLISHED{Ansaldo2005santiago,
  author = {Umberto Ansaldo},
  title = {Contact-induced morphologization.
	
	Motivations for emergence of case in Kirinda Java},
  note = {Paper presented at NRG3, Santiago de Compostela, 17-20 July 2005.},
  year = {2005},
  owner = {snordhoff},
  timestamp = {2008.10.22}
}

@INCOLLECTION{AnsaldoEtAl2006fel,
  author = {Umberto Ansaldo and Lisa Lim},
  year = {2006},
  title = {Globalisation, empowerment and the periphery -- The Malays of Sri
	Lanka},
  pages = {39--46},
  booktitle = {Vital Voices: Endangered Languages and Multilingualism. Proceedings
	of the FEL X Conference},
  editor = {R. Elangayiyan and R {McKenna Brown} and Nicholas D. M. Ostler and
	Mahendra K. Verma},
  address = {Bath, Mysore},
  publisher = {Foundation for Endangered Languages, Central Institute of Indian
	Languages},
  owner = {snordhoff},
  timestamp = {2009.03.30}
}

@ARTICLE{AnsaldoEtAl1999,
  author = {Umberto Ansaldo and S. J. Matthews},
  year = {1999},
  title = {The Minan Substrate and creolization in Baba Malay},
  journal = {Journal of Chinese Linguistics},
  volume = {27},
  number = {1},
  owner = {snordhoff},
  timestamp = {2009.04.29}
}

@ARTICLE{AnsaldoEtAlIPTriling,
  author = {Umberto Ansaldo and Sebastian Nordhoff},
  year = {in preparation},
  title = {Typological alignment and contact language formation in a trilingual
	ecology},
  owner = {snordhoff},
  timestamp = {2008.06.23}
}

@INCOLLECTION{LimEtAl2007,
  author = {Lisa Lim and Umberto Ansaldo},
  year = {2007},
  title = {Identity alignment in the multilingual space: The Malays of Sri Lanka.},
  pages = {218--243},
  booktitle = {Linguistic identity in multilingual postcolonial spaces},
  editor = {E. Anchimbe},
  address = {Cambridge},
  publisher = {Cambridge Scholars Press.},
  owner = {snordhoff},
  timestamp = {2008.01.28}
}

@ARTICLE{LimEtAl2006aclcwp,
  author = {Lisa Lim and Umberto Ansaldo},
  year = {2006},
  title = {Keeping Kirinda vital: The endangerment-empowerment dilemma in the 	documentation of Sri Lanka Malay},
  journal = {Amsterdam Centre for Language \& Cognition Working Papers},
  volume = {1},
  pages = {51--66},
  owner = {snordhoff},
  timestamp = {2009.03.30}
}

@BOOK{AnsaldoEtAlEd2007,
  editor = {Umberto Ansaldo and Stephen Matthews and Lisa Lim},
  year = {2007},
  title = {Deconstructing Creole},
  address = {Amsterdam},
  publisher = {John Benjamins},
  owner = {snordhoff},
  timestamp = {2009.05.11}
}


@book{Ansaldo2011,
    author={Ansaldo, Umberto},
    year={2011},
    title={Metatypy in Sri Lanka Malay},
    editor={Rajendra Singh and Ghanshyam Sharma},
    booktitle={Annual Review of South Asian Languages and Linguistics},
    year={2011},
    address={Berlin},
    publisher={Mouton De Gruyter},
    series={Trends in Linguistics},
    volume={241},
    pages={3-15}
}	