% This file was created with JabRef 2.5.
% Encoding: UTF-8

@BOOK{Daniel1996lullabies,
  author = {Daniel, E. Valentine},
  year = {1996},
  title = {Charred Lullabies: Chapters in an Anthropography of Violence},
  address = {Princeton},
  publisher = {Princeton University Press},
  owner = {snordhoff},
  timestamp = {2011.09.13}
}

@BOOK{Sarkissian2000,
  author = {Sarkissian, Margaret},
  year = {2000},
  title = {D'Albuquerque's Children -- Performing Tradition in Malaysia's Portuguese
	Settlement},
  address = {Chicago},
  publisher = {University of Chicago Press},
  owner = {snordhoff},
  timestamp = {2011.09.14}
}

@BOOK{Schlee2008,
  author = {Schlee, GÃ¼nther},
  year = {2008},
  title = {How Enemies are made: towards a theory of ethnic and religious conflict.},
  address = {Oxford, New York},
  publisher = {Berghahn Books},
  owner = {snordhoff},
  timestamp = {2011.09.14}
}

@comment{jabref-meta: selector_publisher:}

@comment{jabref-meta: selector_author:}

@comment{jabref-meta: selector_journal:}

@comment{jabref-meta: selector_keywords:}

