% This file was created with JabRef 2.3.1.
% Encoding: Cp1252

@INCOLLECTION{Adelaar2001,
  author = {Willem F. H. Adelaar},
  title = {Descriptive linguistics and the standardization of newly described
	languages},
  crossref = {SakiyamaEtAl2001},
  owner = {snordhoff},
  timestamp = {2005.10.10}
}

@INCOLLECTION{Annamalai1998,
  author = {E. Annamalai},
  title = {Language survival in India: Challenges and responses},
  crossref = {MAtsumuraElAl1998},
  owner = {snordhoff},
  timestamp = {2005.10.10}
}

@INCOLLECTION{Gil2001unlearning,
  author = {David Gil},
  title = {Escape Eurocentrism: Fieldwork as a Process of Unlearning},
  crossref = {NewmanEtAl2001},
  pages = {102-132},
  owner = {snordhoff},
  timestamp = {2006.05.03}
}

@BOOK{Abbi2001,
  author = {Anvita Abbi},
  year = {2001},
  title = {A Manual of Linguistic Field Work and Structures of Indian Languages},
  address = {M\"unchen},
  publisher = {Lincom Europa},
  owner = {snordhoff},
  timestamp = {2005.10.10}
}

@BOOK{BoquiaxEtAl1992,
  author = {Luc Boquiax and Jacqueline M. C. Thomas},
  year = {1992},
  title = {Studying and Describing Unwritten Languages},
  address = {Dallas},
  publisher = {SIL},
  owner = {snordhoff},
  timestamp = {2005.10.10}
}

@BOOK{Dixon1989,
  author = {RMW Dixon},
  year = {1989},
  title = {Searching for Aboriginal languages: Memoirs of A Fieldwoker},
  address = {Chicago},
  publisher = {University of Chicago Press},
  owner = {snordhoff},
  timestamp = {2005.10.10}
}

@INCOLLECTION{Dorian1986,
  author = {Nacy C. Dorian},
  year = {1986},
  title = {Gathering language data in terminal speech communities},
  pages = {555-575},
  booktitle = {The Fergusonian Impact: In Honor of Charles A. Ferguson on the Occasion
	of His 65th Birthday},
  editor = {Joshua A. Fischman and Andrée Tabouret-Keller and Michael Clyne and
	Bh. Krishnamurti and Mohamed Abdulaziz},
  address = {Berlin},
  publisher = {Mouton de Gruyter},
  volume = {2},
  owner = {snordhoff},
  timestamp = {2005.10.10}
}

@BOOK{Haarmann1986,
  author = {Harald Haarmann},
  year = {1986},
  title = {Language in Ethnicity: A View of Basic Ecological Relations},
  address = {Berlin},
  publisher = {Mouton de Gruyter},
  owner = {snordhoff},
  timestamp = {2005.10.10}
}

@ARTICLE{Himmelmann1998S,
  author = {Nikolaus Himmelmann},
  year = {1998},
  title = {Documentary and descriptive linguistics},
  journal = {Linguistics},
  volume = {36},
  number = {1},
  pages = {161-195},
  owner = {snordhoff},
  timestamp = {2005.10.10}
}

@BOOK{Mosel1987,
  author = {Ulrike Mosel},
  year = {1987},
  title = {Inhalt und Aufbau deskriptiver Grammatiken (How to write a grammar)},
  publisher = {Insitut für Sprachwissenschaft der Universitat zu Köln},
  adress = {Köln},
  owner = {snordhoff}
}

@INCOLLECTION{Nakayama2001,
  author = {Toshihide Nakayama},
  year = {2001},
  title = {Let the language be the guide: Documentation of a language in its
	own term},
  pages = {30-31},
  booktitle = {Conference Handbook on Endangered Languages},
  address = {Osaka},
  publisher = {Osaka Gakuin},
  owner = {snordhoff},
  timestamp = {2005.10.10}
}

@BOOK{Samarin1967,
  author = {William J. Samarin},
  year = {1967},
  title = {Field Linguistics},
  address = {New York},
  publisher = {Holt, Richart and Winston},
  owner = {snordhoff},
  timestamp = {2005.10.10}
}

@BOOK{VauxEtAl1999,
  author = {Bert Vaux and Justin Cooper},
  year = {1999},
  title = {Introduction to Linguistic Field Methods},
  address = {München},
  publisher = {Lincom},
  owner = {snordhoff},
  timestamp = {2005.10.10}
}

@BOOK{BradleyEtAl2002,
  editor = {David Bradley and Maya Bradley},
  year = {2002},
  title = {Language Endangerment and Language Maintenance},
  address = {London},
  publisher = {RoutledgeCurzon},
  owner = {snordhoff},
  timestamp = {2005.10.10}
}

@BOOK{Cantoni1996,
  editor = {Gina Cantoni},
  year = {1996},
  title = {Stabliizing Indigenous Languages},
  address = {Flagstaff},
  publisher = {Northern Arizona University},
  owner = {snordhoff},
  timestamp = {2005.10.10}
}

@BOOK{Crochetiere1993,
  editor = {André Crochetière and Jean-Claude Boulanger and Conrad Ouellon},
  year = {1993},
  title = {Proceedings of the XVth International Congress of Linguists},
  address = {Sainte-Foy},
  publisher = {Les Presses de l'Université de Laval},
  volume = {1},
  owner = {snordhoff},
  timestamp = {2005.10.10}
}

@BOOK{Dorian1989,
  editor = {Nancy C. Dorian},
  year = {1989},
  title = {Investigation Obsolescence: Studies in Language Contraction and Death},
  address = {Cambridge},
  publisher = {CUP},
  owner = {snordhoff},
  timestamp = {2005.10.10}
}

@BOOK{FaseEtAl1992,
  editor = {Willem Fase and Koen Jaspert and Sjaak Kroon},
  year = {1992},
  title = {Maintenance and Loss of Minority Languages},
  address = {Amsterdam and Philadelphia},
  publisher = {John Benjamins},
  owner = {snordhoff},
  timestamp = {2005.10.10}
}

@BOOK{King1998,
  editor = {Linda King},
  year = {1998},
  title = {Reflecting visions [:] New Perspectives on Adult Education of Indigenous
	Peoples},
  address = {Hamburg},
  publisher = {UNESCO Institute for Education},
  owner = {snordhoff},
  timestamp = {2005.10.10}
}

@BOOK{Fieldmanual2001,
  editor = {Steven C. Levinson and Nick Enfield},
  year = {2001},
  title = {Field Manual},
  address = {Nijmegen},
  publisher = {Language \& Cognition Group, Max Planck Institute for Psycholinguistics},
  owner = {snordhoff},
  timestamp = {2009.06.11}
}

@BOOK{McCormackEtAl1978,
  editor = {William C. McCormack and Stephen A. Wurm},
  year = {1978},
  title = {Approaches to Language: Anthropological Issues},
  address = {The Hague},
  publisher = {Mouton},
  owner = {snordhoff},
  timestamp = {2005.10.10}
}

@BOOK{NewmanEtAl2001,
  editor = {Paul Newman and Martha Radcliff},
  year = {2001},
  title = {Linguistic fieldwork},
  address = {Cambridge},
  publisher = {CUP},
  owner = {snordhoff},
  timestamp = {2005.10.10}
}

@BOOK{ReyhnerEtAl1999,
  editor = {Jon Reyhner and Gina Cantoni and Robert N. {St. Clair} and evangeline
	Parsons yazzie},
  year = {1999},
  title = {Revitalizing Indigenous Languages},
  address = {Flagstaff},
  publisher = {Northern Arizona University},
  owner = {snordhoff},
  timestamp = {2005.10.10}
}

@BOOK{Sakiyama2001,
  editor = {Osamu Sakiyama},
  year = {2001},
  title = {Lectures on endangered languages 2 - from Kyoto Conference 2000},
  series = {ELPR Publication Series C002},
  owner = {snordhoff},
  timestamp = {2005.10.26}
}

@MISC{abcde,
  journal = {Language 68},
  owner = {snordhoff},
  timestamp = {2005.10.10}
}

