% This file was created with JabRef 2.7b.
% Encoding: Cp1252

@ARTICLE{Odena1922,
  author = {\'{O}dena, Ernesto León},
  year = {1922},
  title = {The Death of Aña: A Guaraní Legend},
  journal = {Inter-America},
  volume = {6},
  number = {2},
  lgcode = {[gug]}
}

@BOOK{Ayala1993,
  author = {José Valentín Ayala},
  year = {1993},
  title = {Gram\'{a}tica Guaran\'{\i}},
  address = {Asunción},
  publisher = {Centro Cultural ``Leopoldo Marechal'' de la Embajada de Argentina},
  lgcode = {[gug]}
}

@ARTICLE{DessaintEtAl1980,
  author = {Ruben {Bareiro Saguer} and Michel Dessaint},
  year = {1980},
  title = {Esbozo del sistema lingüístico del guaraní paraguayo},
  journal = {\~Nemit\~y},
  volume = {5},
  pages = {13-22},
  lgcode = {[gug]}
}

@ARTICLE{Bareiro1986,
  author = {Bareiro Saguier, Ruben},
  year = {1986},
  title = {La numeración en Guaraní},
  journal = {Amerindia},
  volume = {11},
  pages = {145-154},
  lgcode = {[gug]}
}

@INCOLLECTION{Bossong1985,
  author = {Georg Bossong},
  year = {1985},
  title = {Markierung von Aktantenfunktionen im Guaran\'\i:Zur Frage der differentiellen
	Objektmarkierung in nicht-akkusativischen Sprachen},
  booktitle = {Relational Typology},
  editor = {Frans Plank},
  address = {Berlin},
  publisher = {Mouton},
  pages = {1-29},
  lgcode = {[gug]}
}

@ARTICLE{Bossong1980,
  author = {Georg Bossong},
  year = {1980},
  title = {Syntax und Semantik der Fundamentalrelation - Das Guaraní als Sprache
	des aktiven Typus},
  journal = {Lingua},
  volume = {50},
  pages = {359-379},
  lgcode = {[gug]}
}

@INCOLLECTION{Damaso01,
  author = {D\'amaso Vieira, M\'arcia},
  year = {2001},
  title = {A natureza transitiva das sentenças possessivas em Mby\'a-Guarani},
  booktitle = {Des noms et des verbes en tupi-guarani},
  editor = {Queixal\'{o}s,S.},
  address = {München},
  publisher = {Lincom},
  pages = {67-86},
  series = {LINCOM Studies in Native American Linguistiscs},
  lgcode = {[gun]}
}

@INPROCEEDINGS{Dietrich2000,
  author = {Wolf Dietrich},
  title = {El problema de la categoría del adjetivo en las lenguas tupí-guaraníes},
  booktitle = {Ensayos sobre lenguas indígenas de las tierras bajas de Sudamérica.
	Contribuciones al 49º Congreso Internacional de Americanistas en
	Quito 1997},
  year = {2000},
  editor = {Hein {van der Voort} and Simon {van de Kerke}},
  pages = {255-263},
  address = {Leiden},
  publisher = {CNWS},
  lgcode = {[gug]}
}

@INCOLLECTION{Dietrich2000HSK,
  author = {Wolf Dietrich},
  year = {2000},
  title = {Das Studium der Eingeborenensprachen Südamerikas: Guarani},
  booktitle = {Geschichte der Sprachwissenschaften},
  editor = {Sylvain Auroux and E. F. K. Koerner and Hans-Josef Niederehe and
	Kees Verstegh},
  address = {Berlin, New York},
  publisher = {Walter de Gruyter},
  pages = {960-966},
  series = {Handbücher zur Sprach- und Kommunikationswissenschaft 18.1},
  lgcode = {[gug]}
}

@INCOLLECTION{Dietrich2001historia,
  author = {Wolf Dietrich},
  year = {2001},
  title = {Zum historischen Sprachkontakt in Paraguay: Spanische Einflüsse im
	Guaraní, Guaraní-Einflüsse im regionalen Spanisch},
  booktitle = {Sprachkontakt und Sprachvergleich},
  editor = {Gerda Haßler},
  address = {Münster},
  publisher = {Nodus},
  pages = {53-73},
  lgcode = {[gug] [spa]}
}

@INCOLLECTION{Dietrich2001,
  author = {Dietrich, Wolf},
  year = {2001},
  title = {Categorias lexicais nas l\'{\i}nguas tupi-guarani},
  booktitle = {Des noms et des verbes en tupi-guarani},
  editor = {Queixal\'{o}s,S.},
  address = {München},
  publisher = {Lincom},
  pages = {21-37},
  series = {LINCOM Studies in Native American Linguistiscs},
  abstract = {p 52 on nominal predication},
  lgcode = {[gug]}
}

@ARTICLE{Dietrich1977,
  author = {Wolf Dietrich},
  year = {1977},
  title = {Las categorias verbales (partes de la oraci\'on) en tup\'{\i}-guaran\'{\i}},
  journal = {Indiana},
  volume = {4},
  pages = {245-263},
  lgcode = {[gug]}
}

@ARTICLE{Dooley1982,
  author = {Dooley, Robert A.},
  year = {1982},
  title = {Options in the pragmatic structuring of Guaraní sentences },
  journal = {Language},
  volume = {58},
  number = {2},
  pages = {307-331},
  lgcode = {[gug]}
}

@BOOK{Galeano2002,
  author = {David A. {Galeano Olivera}},
  year = {2002},
  title = {Guarani \~Ne'\~ekuaaty- Lingüística (en) Guarani},
  address = {Asunci\'on},
  lgcode = {[gug]}
}

@BOOK{Galeano1999,
  author = {David A. {Galeano Olivera}},
  year = {1999},
  title = {Diferencias Gramaticales entre el Guarani y el castellano: estudio
	contrastivo y su incidencia en la educaci\'on},
  address = {Asunci\'on},
  lgcode = {[gug]}
}

@BOOK{Gatti1985,
  author = {Carlos Gatti},
  year = {1985},
  title = {Enciclopedia Guarani-Castellano de ciencias naturales y conococimientos
	paraguayos},
  address = {Asunci\'on},
  publisher = {Arte Nuevo Editores},
  lgcode = {[gug]}
}

@ARTICLE{Gilberto1983,
  author = {Gilberto de León, Olver},
  year = {1983},
  title = {Literatura guaraní del Paraguay},
  journal = {Cuadernos hispanoamericanos },
  pages = {167-},
  lgcode = {[gug]}
}

@BOOK{Gonzalez1972,
  author = {Dionisio M. {Gonzalez Torres}},
  year = {1972},
  title = {O Guarani},
  address = {Asunci\'on},
  lgcode = {[gug]}
}

@BOOK{GregoresEtAl1967,
  author = {Emma Gregores and Jorge A. Su\'{a}rez},
  year = {1967},
  title = {A Decription of Colloquial Guarani},
  address = {Den Haag, Paris},
  publisher = {Mouton and Co.},
  lgcode = {[gug]}
}

@BOOK{Deguarania1992,
  author = {Felix de Guarania},
  year = {1992},
  title = {Curso Pr\'actico de Idioma Guarani},
  address = {Asunci\'on},
  publisher = {CEP},
  lgcode = {[gug]}
}

@BOOK{Guasch1997,
  author = {Guasch, Antonio },
  year = {1997},
  title = {El idioma Guaran\'{\i}},
  address = {Asunci\'{o}n},
  publisher = {CEPAG},
  lgcode = {[gug]}
}

@BOOK{Guasch1976,
  author = {Antonio Guasch},
  year = {1976},
  title = {El idioma Guaran\'{\i}},
  address = {Asunci\'{o}n},
  publisher = {Loyola},
  lgcode = {[gug]}
}

@BOOK{Guasch1956,
  author = {Guasch, Antonio },
  year = {1956},
  title = {El idioma Guaran\'{\i}},
  address = {Asunci\'{o}n},
  publisher = {CEPAG},
  lgcode = {[gug]}
}

@BOOK{Guasch2001,
  author = {P.A. Guasch and P.D. Ortiz},
  year = {2001},
  title = {Diccionario Guaran\'{\i}-Castellano Castellano-Guaran\'{\i}},
  address = {Asunci\'{o}n},
  publisher = {CEPAG},
  edition = {7},
  lgcode = {[gug] [spa]}
}

@ARTICLE{Jensen1998,
  author = {Cheryl Jensen},
  year = {1998},
  title = {The use of coreferential and reflexive markers in Tupi-Guarani languages},
  journal = {The Journal of Amazonian Languages},
  volume = {1},
  number = {2},
  pages = {1-49},
  month = {March},
  lgcode = {[gug]}
}

@BOOK{Osuna1950,
  author = {A. {Jover Peralta} and Tomas Osuna},
  year = {1950},
  title = {Diccionario Guarani - espa\~nol espa\~nol - guarani - \~Ne'\~enguer\u{\i}r\'u
	ava\~ne'\~e - carai\~ne'\~e carai\~ne'\~e - ava\~ne'\~e},
  address = {Buenos Aires},
  publisher = {Linotipia L\'opez},
  lgcode = {[gug]}
}

@BOOK{KdCsa,
  author = {Natalia {Krivoshein de Canese}},
  year = {s.a.},
  title = {\~Nemit\~y},
  address = {Asunci\'on},
  publisher = {Universidad Cat\'olica},
  lgcode = {[gug]}
}

@BOOK{KdCEtAl2001,
  author = {Natalia {Krivoshein de Canese} and Feliciano {Acosta Alcaraz}},
  year = {2001},
  title = {Gram\'atica Guarani},
  address = {Asunci\'on},
  publisher = {CEPAG},
  series = {\~Nemit\~y},
  lgcode = {[gug]}
}

@ARTICLE{SL1951,
  author = {S. L.},
  year = {1951},
  title = {Grammaire et dictionnaire guarani },
  journal = {Société des américanistes, Journal },
  volume = {2},
  pages = {255},
  lgcode = {[gug]}
}

@ARTICLE{LiuzziEtAl89,
  author = {Silvio Liuzzi and Pablo Kirtchuk},
  year = {1989},
  title = {Tiempo y aspecto en Guaran\'{\i}},
  journal = {Amerindia},
  volume = {14},
  pages = {9-44},
  lgcode = {[gug]}
}

@BOOK{Lustig1996,
  author = {Wolf Lustig},
  year = {1996},
  title = {Guarani für Paraguay - Wort für Wort},
  address = {Bielefeld},
  publisher = {Reise Know-how Verlag Peter Rump},
  lgcode = {[gug]}
}

@UNPUBLISHED{Meira2004,
  author = {Sergio Meira},
  title = {My Knife = I Have a Knife},
  note = {Paper presented at the Syntax of the World's Languages conference,
	August 2004, Leipzig},
  year = {2004},
  lgcode = {[gug]},
  owner = {snordhoff}
}

@BOOK{Melia1997,
  author = {Bartomeu Meli\`a and Luis Farr\'e and Alfonso P\'erez},
  year = {1997},
  title = {El guaran\'{\i} a su alcance},
  address = {Asunci\'on},
  publisher = {CEPAG},
  lgcode = {[gug]}
}

@INCOLLECTION{Payne1994,
  author = {Payne, Doris},
  year = {1994},
  title = {The Tupi-Guarani Inverse},
  booktitle = {Voice, Form and Function},
  editor = {B. Fox and J. Hopper},
  address = {Amsterdam, Philadelphia},
  publisher = {Benjamins},
  pages = {313-340},
  lgcode = {[gug]}
}

@BOOK{Riart1997,
  author = {Gustavo Adolfo Riart},
  year = {1997},
  title = {\~Ne'\^e rape},
  address = {Asunci\'on},
  publisher = {El Lector},
  lgcode = {[gug]}
}

@INCOLLECTION{Ringmacher1988,
  author = {Manfred Ringmacher},
  year = {1988},
  title = {Guaran\'\i-Typologie: Aktivisch oder wie sonst?},
  booktitle = {Energeia und Ergon},
  editor = {Jörn Albrecht and Jens Lüdtke and Harald Thun},
  address = {Tübingen},
  publisher = {Gunter Narr},
  pages = {141-159},
  volume = {I},
  lgcode = {[gug]}
}

@ARTICLE{Rosbottom1961,
  author = {Rosbottom, Harry},
  year = {1961},
  title = {Different-Level Tense Markers in Guarani },
  journal = {International Journal of American Linguistics },
  pages = {345-},
  lgcode = {[gug]}
}

@BOOK{Montoya1640,
  author = {Antonio {Ruiz de Montoya}},
  year = {1640[1994]},
  title = {Arte y bocabulario de la lengua guaraní},
  address = {Madrid},
  publisher = {Ediciones de Cultura Hispánica, Agencia Española de Cooperación Internacional},
  note = {facsimile edited by Silvio M. Luizzi},
  lgcode = {[gug]},
  owner = {snordhoff},
  timestamp = {2006.06.06}
}

@BOOK{Ruiz1972,
  author = {Bersabe Ruiz},
  year = {1972},
  title = {Guarani I},
  address = {Asunci\'on},
  publisher = {CCPA},
  lgcode = {[gug]}
}

@PHDTHESIS{Schleicher1998,
  author = {Schleicher, Charles Owen},
  title = {Comparative And Internal Reconstrution of the Tupi-Guarani Language
	Family},
  school = {University of Wisonsin - Madison},
  year = {1998},
  address = {Ann Arbor},
  lgcode = {[gug]}
}

@BOOK{Schuchard1979,
  author = {Barbara Schuchard},
  year = {1979},
  title = {Ñande ñeê. Gramática guaraní para castellano hablantes},
  address = {Santa Cruz de la Sierra},
  lgcode = {[gug]},
  owner = {snordhoff}
}

@ARTICLE{Seybold1895,
  author = {Seybold, Fr.},
  year = {1895},
  title = {Linguae Guarani Grammatica et Lexicon Hispano-Guarani},
  journal = {Zeitschrift für Ethnologie },
  pages = {38-},
  lgcode = {[gug]}
}

@INCOLLECTION{Sonntag2000,
  author = {Eric Sonntag},
  year = {2000},
  title = {Die Theorie der Verbalkategorien und die Wortklassen des Guarani},
  booktitle = {Linguistica Romana et Indiana - Festschrift für Wolf Dietrich},
  editor = {Bruno Staib},
  address = {Tübingen},
  publisher = {Gunter Narr},
  pages = {583-600},
  lgcode = {[gug]}
}

@INCOLLECTION{Thun2000,
  author = {Thun, Harald},
  year = {2000},
  title = {`Inklusiv' und `exklusiv' im Guarani},
  booktitle = {Linguistica Romana et Indiana - Festschrift für Wolf Dietrich},
  editor = {Bruno Staib},
  address = {Tübingen},
  publisher = {Gunter Narr},
  pages = {601-617},
  lgcode = {[gug]}
}

@ARTICLE{Tovar1949,
  author = {Tovar, Antonio},
  year = {1949},
  title = {Semántica y etimología en el guaraní },
  journal = {Instituto caro y cuervo, Boletin},
  pages = {41-},
  lgcode = {[gug]}
}

@BOOK{Lino1998,
  author = {Lino {Trinidad Sanabria}},
  year = {1998},
  title = {Polis\'{\i}ntesis Guaran\'{\i}},
  address = {Asunci\'on},
  publisher = {Intercontinental},
  lgcode = {[gug]}
}

@INCOLLECTION{mvc1994,
  author = {Velazquez-Castillo, Maura},
  year = {1994},
  title = {Noun Incorporation and Object Placement in Discourse},
  booktitle = {Word Order in Discourse},
  editor = {P. Downing and M. Noonan},
  address = {Amsterdam},
  publisher = {Benjamins},
  series = {Typological Studies in Language 30},
  lgcode = {[gug]}
}

@UNPUBLISHED{mvc2005,
  author = {Maura Velazquez-Castillo},
  title = {Grammatical Voice in Active-Stative Languages: The Case of Paraguayan
	Guaraní},
  note = {Handout from the conference "The Typology of Active-Stative Languages"
	held in May 2005 in Leipzig},
  year = {2005},
  lgcode = {[gug]},
  owner = {snordhoff}
}

@ARTICLE{mvc2003,
  author = {Maura Velazquez-Castillo},
  year = {2003},
  title = {Grammatical relations in active systems},
  journal = {Functions of Language},
  volume = {9},
  number = {2},
  pages = {133-167},
  lgcode = {[gug]}
}

@ARTICLE{mvc2002,
  author = {Velazquez-Castillo, Maura},
  year = {2002},
  title = {Guarani Causative Constructions},
  journal = {Typological Studies in Language},
  volume = {48},
  pages = {507-553},
  lgcode = {[gug]}
}

@BOOK{mvc1996,
  author = {Velazquez-Castillo, Maura},
  year = {1996},
  title = {The Grammar of Possession - Inalienability, Incorporation and Possessor
	Ascension in Guaraní},
  address = {Amsterdam},
  publisher = {John Benjamins},
  lgcode = {[gug]}
}

@ARTICLE{mvc1995,
  author = {Velazquez-Castillo, Maura},
  year = {1995},
  title = {Noun incorporation in Guarani: a functional analysis},
  journal = {Linguistics},
  volume = {33},
  number = {4},
  lgcode = {[gug]}
}

@PHDTHESIS{Villafane2004,
  author = {Lucrecia Villafañe},
  title = {Gramática Yuki - Lengua Tupí-Guarani de Bolivia},
  school = {Katholieke Universiteit Nijmegen},
  year = {2004},
  lgcode = {[yuq]},
  owner = {snordhoff}
}

