% This file was created with JabRef 2.7b.
% Encoding: ISO8859_1

@PHDTHESIS{Nordhoff2009phd,
  author = {Sebastian Nordhoff},
  title = {A Grammar of Upcountry Sri Lanka Malay},
  school = {University of Amsterdam},
  year = {2009},
  lgcode = {[sci]},
  owner = {snordhoff},
  timestamp = {2012.06.05}
}

@BOOK{Nordhoff2004,
  author = {Sebastian Nordhoff},
  year = {2004},
  title = {Nomen/Verb-Distinktion im Guarani},
  address = {K\"oln},
  publisher = {Universit\"at zu K\"oln},
  series = {Arbeitspapier Neue Folge Nr. 48},
  lgcode = {[gug]},
  owner = {snordhoff},
  timestamp = {2012.05.30}
}

@comment{jabref-meta: selector_publisher:}

@comment{jabref-meta: selector_author:}

@comment{jabref-meta: selector_journal:}

@comment{jabref-meta: selector_keywords:}

