% This file was created with JabRef 2.9b2.
% Encoding: Cp1252

@INCOLLECTION{ChiarcosEtAl2012ldl-llod,
  author = {Christian Chiarcos and Sebastian Hellmann and Sebastian Nordhoff},
  year = {2012},
  title = {Linking linguistic resources: {Examples} from the {Open Linguistics
	Working Group}},
  crossref = {ChiarcosEtAlEd2012},
  booktitle = {Linked Data in Linguistics. Representing Language Data and Metadata},
  editor = {Christian Chiarcos and Sebastian Nordhoff and Sebastian Hellmann},
  address = {Heidelberg},
  publisher = {Springer},
  pages = {201-216}
}

@INCOLLECTION{ChiarcosEtAl2012ldl-owlg,
  author = {Christian Chiarcos and Sebastian Hellmann and Sebastian Nordhoff},
  year = {2012},
  title = {The Open Linguistics Working Group of the Open Knowledge Foundation},
  crossref = {ChiarcosEtAlEd2012},
  booktitle = {Linked Data in Linguistics. Representing Language Data and Metadata},
  editor = {Christian Chiarcos and Sebastian Nordhoff and Sebastian Hellmann},
  address = {Heidelberg},
  publisher = {Springer},
  pages = {153-160}
}

@INCOLLECTION{Nordhoff2012ldl,
  author = {Sebastian Nordhoff},
  year = {2012},
  title = {Linked Data for linguistic diversity research: Glottolog/Langdoc
	and ASJP},
  crossref = {ldl2012},
  booktitle = {Linked Data in Linguistics. Representing Language Data and Metadata},
  editor = {Christian Chiarcos and Sebastian Nordhoff and Sebastian Hellmann},
  address = {Heidelberg},
  publisher = {Springer},
  pages = {191-200},
  owner = {snordhoff},
  timestamp = {2012.06.05}
}

@INCOLLECTION{Nordhofffcvalency,
  author = {Nordhoff, Sebastian},
  year = {forthcoming},
  title = {Valency in Sri Lanka Malay},
  crossref = {MalchukovEtAlEdfcvalnecy},
  booktitle = {Valency Classes: A comparative handbook},
  editor = {Andrej Malchukov and Bernard Comrie},
  address = {Berlin},
  publisher = {de Gruyter Mouton},
  owner = {snordhoff},
  timestamp = {2012.05.30}
}

@INCOLLECTION{Nordhofffcfufomp,
  author = {Sebastian Nordhoff},
  year = {forthcoming},
  title = {The grammatical description as a collection of form-meaning pairs},
  crossref = {NordhoffEd2012grammaticography},
  booktitle = {Electronic Grammaticography},
  editor = {Sebastian Nordhoff},
  address = {Manoa},
  publisher = {University of Hawai'i Press},
  timestamp = {2011.08.25}
}

@INCOLLECTION{Nordhoff2012multilayer,
  author = {Sebastian Nordhoff},
  year = {2012},
  title = {The development of Sri Lanka Malay as a multi-layered process},
  crossref = {NordhoffEd2012Brill},
  booktitle = {The genesis of Sri Lanka Malay -- A case of extreme language contact},
  editor = {Nordhoff, Sebastian},
  address = {Leiden},
  publisher = {Brill},
  owner = {snordhoff},
  timestamp = {2012.05.31}
}

@INCOLLECTION{Nordhofffcsketch,
  author = {Sebasian Nordhoff},
  year = {forthcoming},
  title = {Sri Lanka Malay sketch grammar},
  crossref = {NorrdhoffEd2012Brill},
  owner = {snordhoff},
  timestamp = {2012.06.02}
}

@INCOLLECTION{AnsaldoEtAl2009age,
  author = {Umberto Ansaldo and Sebastian Nordhoff},
  year = {2009},
  title = {Complexity and the age of languages},
  booktitle = {Complex processes in new languages},
  editor = {Enoch O. Aboh and N. Smith},
  address = {Amsterdam},
  publisher = {John Benjamins},
  pages = {345-363},
  lgcode = {[sci] [cmn] [och]},
  timestamp = {2009.04.29}
}

@ARTICLE{ChiarcosEtAl2012tal,
  author = {Christian Chiarcos and Sebastian Hellmann and Sebastian Nordhoff},
  year = {2012},
  title = {Towards a Linguistic Linked Open Data cloud: The Open Linguistics
	Working Group},
  journal = {Traitement Automatique des Langues},
  volume = {53},
  number = {2}
}

@INPROCEEDINGS{ChiarcosEtAl2012lrec-owlg,
  author = {Christian Chiarcos and Sebastian Hellmann and Sebastian Nordhoff
	and Steven Moran and Richard Littauer and Judith Eckle-Kohler and
	Iryna Gurevych and Silvana Hartmann and Michael Matuschek and Christian
	M. Meyer},
  title = {The Open Linguistics Working Group},
  booktitle = {Proceedings of LREC 2012},
  year = {2012},
  owner = {snordhoff},
  timestamp = {2012.06.05}
}

@INCOLLECTION{HammarstroemEtAlfcMelanesia,
  author = {Harald Hammarstr\"om and Sebastian Nordhoff},
  year = {forthcoming},
  title = {Achievements and Challenges in the Description of the Languages of
	Melanesia},
  booktitle = {Papers from the Manokwari conference},
  editor = {Marian Klamer and Nick Evans},
  series = {LDC},
  timestamp = {2011.10.20}
}

@ARTICLE{HammarstroemEtAl2011Oslo,
  author = {Harald Hammarstr\"om and Sebastian Nordhoff},
  year = {2011},
  title = {LangDoc: Bibliographic Infrastructure for Linguistic Typology},
  journal = {Oslo Studies in Language},
  volume = {3},
  number = {2},
  pages = {31-43},
  timestamp = {2011.10.24},
  url = {https://www.journals.uio.no/index.php/osla/article/view/75/199}
}

@INCOLLECTION{NitzEtAl2010,
  author = {Eike Nitz and Sebastian Nordhoff},
  year = {2010},
  title = {Subtractive Plural Morphology in Sinhala},
  booktitle = {Rara \& Rarissima. Collecting and interpreting unusual characteristics
	of human languages},
  editor = {Jan Wohlgemuth and Michael Cysouw},
  address = {Berlin},
  publisher = {Mouton de Gruyter},
  pages = {247-266},
  lgcode = {[sin]},
  timestamp = {2007.08.08}
}

@INCOLLECTION{Nordhoff2012ldl-glottolog,
  author = {Sebastian Nordhoff},
  year = {2012},
  title = {{Linked Data} for linguistic diversity research: {Glottolog/Langdoc}
	and {ASJP}},
  booktitle = {Linked Data in Linguistics. Representing and Connecting Language
	Data and Language Metadata},
  editor = {Chiarcos, Christian and Nordhoff, Sebastian and Hellmann, Sebastian},
  address = {Heidelberg},
  publisher = {Springer},
  pages = {191-200},
  doi = {10.1007/978-3-642-28249-2},
  isbn = {978-3-642-28248-5},
  url = {http://www.springer.com/computer/ai/book/978-3-642-28248-5}
}

@INCOLLECTION{Nordhofffcjoat,
  author = {Sebastian Nordhoff},
  year = {forthcoming},
  title = {Jack-of-all-trades: The Sri Lankan Malay property word},
  booktitle = {Flexible word classes: a typological study of underspecified parts-of-speech},
  editor = {van Lier, Eva and Rijkhoff, Jan},
  address = {Oxford},
  publisher = {OUP},
  lgcode = {[sci]},
  timestamp = {2007.08.08}
}

@ARTICLE{Nordhoff2013slp,
  author = {Sebastian Nordhoff},
  year = {2013},
  title = {The current state of Sri Lanka Portuguese},
  journal = {Journal of Pidgin and Creole Languages},
  volume = {28},
  number = {1},
  owner = {snordhoff},
  timestamp = {2012.06.02}
}

@ARTICLE{Nordhoff2012sinhalainfluence,
  author = {Sebastian Nordhoff},
  year = {2012},
  title = {Establishing and dating Sinhala influence in Sri Lanka Malay},
  journal = {Journal of Language Contact},
  volume = {5},
  number = {1},
  pages = {23-57},
  owner = {snordhoff},
  timestamp = {2012.05.30}
}

@ARTICLE{Nordhoff2012smith,
  author = {Sebastian Nordhoff},
  year = {2012},
  title = {Commentary on Smith's papers},
  journal = {Journal of Language Contact},
  volume = {5},
  pages = {73-79},
  owner = {snordhoff},
  timestamp = {2012.05.30}
}

@ARTICLE{Nordhoff2012svc,
  author = {Sebastian Nordhoff},
  year = {2012},
  title = {Multi-verb constructions in Sri Lanka Malay},
  journal = {Journal of Pidgin and Creole Languages},
  volume = {27},
  number = {2},
  lgcode = {[sci] [sin] [tam]},
  timestamp = {2011.03.24}
}

@ARTICLE{Nordhoff2011copula,
  author = {Sebastian Nordhoff},
  year = {2011},
  title = {Having come to be a copula in Sri Lanka Malay -- an unusual grammaticalization
	path},
  journal = {Folia Linguistica},
  volume = {45},
  number = {1},
  pages = {103-126},
  lgcode = {[sci] [sin] [tam] [ind]},
  timestamp = {2011.03.24}
}

@ARTICLE{Nordhoff2011transparency,
  author = {Nordhoff, Sebastian},
  year = {2011},
  title = {Transparency in Sri Lanka Malay},
  journal = {Linguistics in Amsterdam},
  volume = {4},
  number = {2},
  lgcode = {[sci]},
  timestamp = {2011.03.24}
}

@ARTICLE{Nordhoff2008jldc,
  author = {Sebastian Nordhoff},
  year = {2008},
  title = {Electronic reference grammars for typology -- challenges and solutions},
  journal = {Journal for Language Documentation and Conservation},
  volume = {2},
  number = {2},
  pages = {296--324},
  timestamp = {2009.05.15},
  url = {http://hdl.handle.net/10125/4352}
}

@ARTICLE{Nordhoff2008lia,
  author = {Nordhoff, Sebastian},
  year = {2008},
  title = {Towards a mathematical model of word class clusterings},
  journal = {Linguistics in Amsterdam},
  volume = {1},
  pages = {5-35},
  owner = {snordhoff},
  timestamp = {2012.06.05}
}

@INPROCEEDINGS{NordhoffEtAl2012DH,
  author = {Sebastian Nordhoff and Harald Hammarstr\"om},
  title = {Cataloguing linguistic diversity: Glottolog/Langdoc},
  booktitle = {Proceedings of Digital Humanities 2012},
  year = {2012},
  owner = {snordhoff},
  timestamp = {2012.06.05}
}

@INPROCEEDINGS{NordhoffEtAl2012lrec,
  author = {Sebastian Nordhoff and Harald Hammarstr\"om},
  title = {Glottolog/Langdoc: Increasing the visibility of grey literature for
	low-density languages},
  booktitle = {Proceedings of LREC 2012},
  year = {2012}
}

@INPROCEEDINGS{NordhoffEtAl2011iswc,
  author = {Sebastian Nordhoff and Harald Hammarstr\"om},
  title = {{Glottolog/Langdoc: Defining} dialects, languages, and language families
	as collections of resources},
  booktitle = {Proceedings of the First International Workshop on Linked Science
	2011},
  year = {2011},
  volume = {783},
  series = {CEUR Workshop Proceedings},
  url = {http://iswc2011.semanticweb.org/fileadmin/iswc/Papers/Workshops/LISC/nordhoff.pdf}
}

% This file was created with JabRef 2.7b.
% Encoding: ISO8859_1

@BOOK{ChiarcosEtAlEd2012,
  editor = {Christian Chiarcos and Sebastian Nordhoff and Sebastian Hellmann},
  year = {2012},
  title = {Linked Data in Linguistics. Representing Language Data and Metadata},
  address = {Heidelberg},
  publisher = {Springer},
  owner = {snordhoff},
  timestamp = {2012.06.05}
}

@BOOK{NordhoffEd2012brill,
  editor = {Nordhoff, Sebastian},
  year = {2012},
  title = {The genesis of Sri Lanka Malay -- A case of extreme language contact},
  address = {Leiden},
  publisher = {Brill},
  lgcode = {[sci]},
  owner = {snordhoff},
  timestamp = {2011.09.13}
}

@BOOK{NordhoffEd2012grammaticography,
  editor = {Nordhoff, Sebastian},
  year = {2012},
  title = {Electronic Grammatiography},
  address = {Manoa},
  publisher = {University of Hawai'i Press},
  owner = {snordhoff},
  timestamp = {2012.05.31}
}

@comment{jabref-meta: selector_publisher:}

@comment{jabref-meta: selector_author:}

@comment{jabref-meta: selector_journal:}

@comment{jabref-meta: selector_keywords:}

% This file was created with JabRef 2.7b.
% Encoding: ISO8859_1

@PHDTHESIS{Nordhoff2009phd,
  author = {Sebastian Nordhoff},
  title = {A Grammar of Upcountry Sri Lanka Malay},
  school = {University of Amsterdam},
  year = {2009},
  lgcode = {[sci]},
  owner = {snordhoff},
  timestamp = {2012.06.05}
}

@BOOK{Nordhoff2004,
  author = {Sebastian Nordhoff},
  year = {2004},
  title = {Nomen/Verb-Distinktion im Guarani},
  address = {K\"oln},
  publisher = {Universit\"at zu K\"oln},
  series = {Arbeitspapier Neue Folge Nr. 48},
  lgcode = {[gug]},
  owner = {snordhoff},
  timestamp = {2012.05.30}
}

@comment{jabref-meta: selector_publisher:}

@comment{jabref-meta: selector_author:}

@comment{jabref-meta: selector_journal:}

@comment{jabref-meta: selector_keywords:}

% This file was created with JabRef 2.7b.
% Encoding: ISO8859_1

@UNPUBLISHED{ApoussidouEtAl2009msnostress,
  author = {Diana Apoussidou and Sebastian Nordhoff},
  title = {Feet in Sri Lanka Malay -- no stress please},
  note = {Manuscript University of Amsterdam},
  year = {2009},
  lgcode = {[sci]},
  owner = {snordhoff},
  timestamp = {2009.01.07}
}

@UNPUBLISHED{Nordhoff2008msdiachronica,
  author = {Sebastian Nordhoff},
  title = {Directions of language change in a trilingual environment},
  note = {Ms. University of Amsterdm},
  year = {2008},
  owner = {snordhoff},
  timestamp = {2012.06.05}
}

@UNPUBLISHED{Nordhoff2007msguarani,
  author = {Sebastian Nordhoff},
  title = {Inactive marking on nouny lexemes.},
  note = {Ms. University of Amsterdam},
  year = {2007},
  owner = {snordhoff},
  timestamp = {2012.06.05}
}

@comment{jabref-meta: selector_publisher:}

@comment{jabref-meta: selector_author:}

@comment{jabref-meta: selector_journal:}

@comment{jabref-meta: selector_keywords:}

% This file was created with JabRef 2.3.1.
% Encoding: ISO8859_1

@UNPUBLISHED{ChiarcosEtAl2012dgfsposter,
  author = {Christian Chiarcos and Sebastian Hellmann and Sebastian Nordhoff
	and Philipp Cimiano and John McCrae and Jonas Brekle and Judith Eckle-Kohler
	and Iryna Gurevych and Silvana Hartmann and Michael Matuschek and
	Christian M. Meyer and Richard Littauer},
  title = {Open Data as an Enabler for Development in Computational Linguistics
	The Working Group for Open Data in Linguistics},
  note = {Poster presented as the poster session of the section for computational
	linguistics at the 34th Annual Meeting of the Deutsche Gesellschaft
	f\"ur Sprachwissenschaft},
  year = {2012},
  owner = {snordhoff},
  timestamp = {2012.06.05}
}

@UNPUBLISHED{Nordhoff2006posposter,
  author = {Sebastian Nordhoff},
  title = {Universal and language-particular word classes in Guaran{\'{\i}}},
  note = {Poster presented at the workshop {\em Universality and particularity
	of parts-of-speech systems}, University of Amsterdam},
  year = {2006},
  owner = {snordhoff},
  timestamp = {2012.06.05}
}

@UNPUBLISHED{Nordhoff2005guaraniposter,
  author = {Sebastian Nordhoff},
  title = {The Inactive Marker in Guarani},
  note = {Poster presented at the conference {\em The Typology of Stative-Active
	languages}, MPI-EVA, Leipzig, May},
  year = {2005},
  owner = {snordhoff},
  timestamp = {2012.06.05}
}

@comment{jabref-meta: selector_publisher:}

@comment{jabref-meta: selector_author:}

@comment{jabref-meta: selector_journal:}

@comment{jabref-meta: selector_keywords:}

% This file was created with JabRef 2.7b.
% Encoding: ISO8859_1

@UNPUBLISHED{AnsaldoEtAl2006dobes,
  author = {Umberto Ansaldo and Lisa Lim and Sebastian Nordhoff},
  title = {Variation and shift in Sri Lanka Malay},
  note = {Paper presented at the  DobeS workshop, MPI Nijmegen},
  year = {2006},
  owner = {snordhoff},
  timestamp = {2012.06.05}
}

@UNPUBLISHED{AnsaldoEt2005icsls,
  author = {Umberto Ansaldo and Lisa Lim and Sebastian Nordhoff},
  title = {Documentation and Description of Sri Lanka Malay},
  note = {Paper presented at  10th International Conference on Sri Lankan Studies
	- Kelaniya, Sri Lanka},
  year = {2005},
  owner = {snordhoff},
  timestamp = {2012.06.05}
}

@UNPUBLISHED{AnsaldoEtAl2006giessen,
  author = {Umberto Ansaldo and Sebastian Nordhoff},
  title = {Complexity and the age of languages},
  note = {Paper presented at the 7th Creolistics Workshop -- University of
	Gie{\ss}en},
  year = {2006},
  owner = {snordhoff},
  timestamp = {2012.06.05}
}

@UNPUBLISHED{AnsaldoEtAl2006swl,
  author = {Umberto Ansaldo and Sebastian Nordhoff},
  title = {The role of typological pressure in contact-induced restructuring},
  note = {Paper presented at Syntax of the World's Languages II, University
	of  Lancaster, UK},
  year = {2006},
  owner = {snordhoff},
  timestamp = {2012.06.05}
}

@UNPUBLISHED{ApoussidouEtAl2008,
  author = {Diana Apoussidou and Sebastian Nordhoff},
  title = {Feet in Sri Lanka Malay -- no stress please},
  note = {Paper presented at OCP 5, January 2008, Toulouse},
  year = {2008},
  lgcode = {[sci]},
  owner = {snordhoff},
  timestamp = {2009.01.07}
}

@UNPUBLISHED{HammarstroemEtAl2011Howmany,
  author = {Hammarstr\"om, Harald and Nordhoff, Sebastian},
  title = {How many languages have so far been described?},
  note = {Paper presented at NWO Endangered Languages Programme Conference,
	Leiden, April 2011},
  year = {2011},
  owner = {snordhoff},
  timestamp = {2011.10.20}
}

@UNPUBLISHED{Nordhoff2012ismil,
  author = {Sebastian Nordhoff},
  title = {Phonological cover-up: undoing sound changes in Sri Lanka Malay},
  note = {Paper presented at ISMIL XVI, Kelaniya, Sri Lanka, June},
  year = {2012},
  owner = {snordhoff},
  timestamp = {2012.06.05}
}

@UNPUBLISHED{Nordhoff2011coslam,
  author = {Nordhoff, Sebastian},
  title = {Becoming a written language},
  note = {Paper presented at the WASLAM/COSLAM seminar, Colombo, Sri Lanka,
	May},
  year = {2011},
  owner = {snordhoff},
  timestamp = {2012.06.05}
}

@UNPUBLISHED{Nordhoff2011rcic,
  author = {Sebastian Nordhoff},
  title = {Dialect levelling, substrate reinforcement, and  metatypy in the
	history of Sri Lanka Malay.},
  note = {Paper presented at the workshop Rethinking Contact-Induced Change,
	Leiden, June},
  year = {2011},
  owner = {snordhoff},
  timestamp = {2012.06.05}
}

@UNPUBLISHED{Nordhoff2011valency,
  author = {Sebastian Nordhoff},
  title = {Valency in Sri Lanka Malay},
  note = {Paper presented at the Conference on Valency Classes MPI-EVA, April},
  year = {2011},
  owner = {snordhoff},
  timestamp = {2012.06.05}
}

@UNPUBLISHED{Nordhoff2010ismil,
  author = {Nordhoff, Sebastian},
  title = {Sinhala influence in Sri Lanka Malay},
  note = {14th International Symposium on Malay/Indonesian Linguistics, University
	of Minneapolis, May},
  year = {2010},
  month = {May},
  howpublished = {Paper presented at ISMIL XIV, University of Minnesota},
  lgcode = {[sci] [sin] [tam]},
  owner = {snordhoff},
  timestamp = {2010.10.13}
}

@UNPUBLISHED{Nordhoff2010sampling,
  author = {Sebastian Nordhoff},
  title = {Controlling for genetic bias and controlling for genesis bias in
	typological samples},
  note = {Paper presented at the second APiCS Workshop, MPI-EVA, November},
  year = {2010},
  owner = {snordhoff},
  timestamp = {2012.06.05}
}

@UNPUBLISHED{Nordhoff2010slm,
  author = {Sebastian Nordhoff},
  title = {The genesis of Sri Lanka Malay as a multi-layered process},
  note = {Paper presented at Past, Present and Future of Sri Lanka Malay, MPI
	Leipzig, November},
  year = {2010},
  owner = {snordhoff},
  timestamp = {2012.06.05}
}

@UNPUBLISHED{Nordhoff2010valency,
  author = {Nordhoff, Sebastian},
  title = {No Valency Classes in Sri Lanka Malay},
  note = {Paper presented at the workshop on valency classes, Max Planck Institute
	for Evolutionary Anthropology, Leipzig, August 2010.},
  year = {2010},
  lgcode = {[sci]},
  owner = {snordhoff},
  timestamp = {2011.03.24}
}

@UNPUBLISHED{Nordhoff2009glottolog,
  author = {Sebastian Nordhoff},
  title = {The Glottolog language catalog},
  note = {Paper presented at the Language Catalogue Workshop, MPI Leipzig},
  year = {2009},
  owner = {snordhoff},
  timestamp = {2012.06.05}
}

@UNPUBLISHED{Nordhoff2009lcitic,
  author = {Sebastian Nordhoff},
  title = {The Sri Lankan linguistic ecology},
  note = {Paper presented at Language Contact in the Indian Ocean. University
	of Amsterdam, November},
  year = {2009},
  owner = {snordhoff},
  timestamp = {2012.06.05}
}

@UNPUBLISHED{Nordhoff2009soas,
  author = {Sebastian Nordhoff},
  title = {Multi-Verb-Constructions in Sri Lanka Mala},
  note = {Paper presented at  4th Conference on Austronesian Languages \& Linguistics.
	SOAS, London, June},
  year = {2009},
  owner = {snordhoff},
  timestamp = {2012.06.05}
}

@UNPUBLISHED{Nordhoff2009utrecht,
  author = {Sebastian Nordhoff},
  title = {The grammatical description as a mediator between text and typologist},
  note = {Paper presented at Workshop on Small Tools for Cross-Linguistic Research.
	University of Utrecht, July},
  year = {2009},
  owner = {snordhoff},
  timestamp = {2012.06.05}
}

@UNPUBLISHED{Nordhoff2008ismil,
  author = {Sebastian Nordhoff},
  title = {Uncommon two orders of ADJ, NUM and N in Sri Lanka Malay},
  note = {Paper presented at  ISMIL 12, Leiden, June},
  year = {2008},
  owner = {snordhoff},
  timestamp = {2012.06.05}
}

@UNPUBLISHED{Nordhoff2008soas,
  author = {Sebastian Nordhoff},
  title = {Growing a Grammar with Galoe},
  note = {Paper presented in the SOAS seminar series},
  year = {2008},
  owner = {snordhoff},
  timestamp = {2012.06.05}
}

@UNPUBLISHED{Nordhoff2007alt,
  author = {Sebastian Nordhoff},
  title = {Grammar writing in the Electronic Age},
  note = {Paper presented at the ALT VII conference in Paris},
  year = {2007},
  owner = {snordhoff},
  timestamp = {2009.05.15}
}

@UNPUBLISHED{Nordhoff2007dobes,
  author = {Sebastian Nordhoff},
  title = {Growing a grammar with GALOES},
  note = {Paper presented at the Dobes workshop at the MPI Nijmegen},
  year = {2007},
  owner = {snordhoff},
  timestamp = {2009.05.15}
}

@UNPUBLISHED{Nordhoff2007mpi,
  author = {Sebastian Nordhoff},
  title = {The grammar authoring system GALOES},
  note = {Paper presented at the workshop ``Wikifying research'' at the MPI
	Leipzig},
  year = {2007},
  owner = {snordhoff},
  timestamp = {2009.05.15}
}

@UNPUBLISHED{Nordhoff2007slmpos,
  author = {Sebastian Nordhoff},
  title = {Jack-of-all-trades: The Sri Lankan Malay property word},
  note = {Paper presented at the Workshop on flexible languages, Amsterdam},
  year = {2007},
  month = {April},
  lgcode = {[sci]},
  owner = {snordhoff},
  timestamp = {2007.08.08}
}

@UNPUBLISHED{Nordhoff2007spcl,
  author = {Sebastian Nordhoff},
  title = {Vowel quantity in Sri Lanka Malay},
  note = {paper presented at the Joint Summer Meeting of the SPCL and the ACBLPE
	2007},
  year = {2007},
  lgcode = {[sci]},
  owner = {snordhoff},
  timestamp = {2007.08.08}
}

@UNPUBLISHED{Nordhoff2006lcg,
  author = {Sebastian Nordhoff},
  title = {Sri Lanka Malay as a window on the creation of new languages},
  note = {Paper presented at the Language Creation Group, University of Amsterdam},
  year = {2006},
  owner = {snordhoff},
  timestamp = {2012.06.05}
}

@UNPUBLISHED{Nordhoff2006nap,
  author = {Sebastian Nordhoff},
  title = {Grammar writing in the Electronic Age},
  note = {Paper presented at NAP-dag, University of Amsterdam},
  year = {2006},
  owner = {snordhoff},
  timestamp = {2012.06.05}
}

@UNPUBLISHED{Nordhoff2006rara,
  author = {Sebastian Nordhoff},
  title = {Subtractive plural marking in Sinhala},
  note = {Paper presented at Rara and Rarissima, MPI-EVA, Leipzig},
  year = {2006},
  owner = {snordhoff},
  timestamp = {2012.06.05}
}

@UNPUBLISHED{Nordhoff2004ru,
  author = {Sebastian Nordhoff},
  title = {Voice in Guarani},
  note = {Paper presented at Americanists' Colloquium - RU Nijmegen},
  year = {2004},
  owner = {snordhoff},
  timestamp = {2012.06.05}
}

@UNPUBLISHED{Nordhoff2004swk,
  author = {Sebastian Nordhoff},
  title = {Stative Verben und Possession im Guarani},
  note = {Paper presented at  Sprachwissenschaftliche Werkstatt, Universit\"at
	zu K\"oln},
  year = {2004},
  owner = {snordhoff},
  timestamp = {2012.06.05}
}

@UNPUBLISHED{Nordhoff2004swl,
  author = {Sebastian Nordhoff},
  title = {Stative Verbs and Possession in Guarani},
  note = {Paper presented at Syntax of the World's Languages, MPI-EVA, Leipzig,
	August},
  year = {2004},
  owner = {snordhoff},
  timestamp = {2012.06.05}
}

@UNPUBLISHED{NordhoffEtAl2009dgfs,
  author = {Sebastian Nordhoff and Diana Apoussidou},
  title = {Anchoring intonation in a language without word stress.},
  note = {Paper presented at the workshop  Prosodic Typology: State of the
	Art and Future Prospects at the DGfS},
  year = {2009},
  owner = {snordhoff},
  timestamp = {2012.06.05}
}

@UNPUBLISHED{NordhoffEtAl2012dhpaper,
  author = {Sebastian Nordhoff and Harald Hammarstr\"om},
  title = {Cataloguing linguistic diversity: Glottolog/Langdo},
  note = {paper presented at  ``Digital Humanities 2012'', Hamburg, July.},
  year = {2012},
  owner = {snordhoff},
  timestamp = {2012.06.05}
}

@UNPUBLISHED{NordhoffEtAl2011alt,
  author = {Sebastian Nordhoff and Hammarstr\"om, Harald},
  title = {Countering bibliographical bias with LangDoc, a bibliographical database
	for lesser known languages},
  note = {Paper presented at ALT IX, Hong Kong, July},
  year = {2011},
  owner = {snordhoff},
  timestamp = {2012.06.05}
}

@UNPUBLISHED{NordhoffEtAl2011howmany,
  author = {Sebastian Nordhoff and Harald Hammarstr\"om},
  title = {How Many Languages Have so far been Described?},
  note = {Paper presented at NWO Endangered Languages Programme Conference,
	Leiden, April},
  year = {2011},
  owner = {snordhoff},
  timestamp = {2012.06.05}
}

@UNPUBLISHED{NordhoffEtAl2011ISWCpaper,
  author = {Nordhoff, Sebastian and Harald Hammarstr\"om},
  title = {Glottolog/Langdoc: Defining Dialects, Languages, and Language Families
	as Collections of Resources},
  note = {Paper presented at the First International Workshop on Linked Science
	2011 In conjunction with the International Semantic Web Conference
	(ISWC2011), Bonn, October},
  year = {2011},
  owner = {snordhoff},
  timestamp = {2012.06.05}
}

@UNPUBLISHED{NordhoffEtAl2007alt,
  author = {Nordhoff, Sebastian and Slomanson, Peter},
  title = {Independent development in a mixed language},
  note = {Paper presented at the conference Variation and change in contact
	settings, Universit\'e de Paris},
  year = {2007},
  lgcode = {[sci] [sin] [tam]},
  owner = {snordhoff},
  timestamp = {2010.11.09}
}

@UNPUBLISHED{SeifartEtAl2010dobes,
  author = {Seifart, Frank and Roland Meyer and Taras Zakharko and Balthasar
	Bickel and Swintha Danielsen and Sebastian Nordhoff and Alena Witzlack-Makarevich},
  title = {Cross-linguistic variation in the noun-to-verb ratio: Exploring automatic
	tagging and quantitative corpus analysis},
  note = {Paper presented at the DobeS Workshop ``Advances in Documentary Linguistics''
	Nijmegen, 14-15 October},
  year = {2010},
  owner = {snordhoff},
  timestamp = {2012.06.05}
}

@comment{jabref-meta: selector_publisher:}

@comment{jabref-meta: selector_author:}

@comment{jabref-meta: selector_journal:}

@comment{jabref-meta: selector_keywords:}

% This file was created with JabRef 2.7b.
% Encoding: ISO8859_1

@MISC{asjponline,
  author = {Nordhoff, Sebastian},
  title = {ASJP online},
  year = {2012},
  note = {online version of the Automated Similarity Judgment Program database},
  owner = {snordhoff},
  timestamp = {2012.06.02},
  url = {http://cldbstest.eva.mpg.de/asjp}
}

@MISC{Glottolog,
  author = {Sebasian Nordhoff},
  title = {Glottolog/Langdoc},
  howpublished = {Online resource for references and genealogical relationships.},
  year = {2012},
  owner = {snordhoff},
  timestamp = {2012.06.02},
  url = {http://glottolog.org}
}

@MISC{GALOES,
  author = {Sebasian Nordhoff},
  title = {GALOES online grammar authoring system},
  year = {2008},
  owner = {snordhoff},
  timestamp = {2012.06.02},
  url = {http://www.galoes.org}
}

@comment{jabref-meta: selector_publisher:}

@comment{jabref-meta: selector_author:}

@comment{jabref-meta: selector_journal:}

@comment{jabref-meta: selector_keywords:}

