% This file was created with JabRef 2.7b.
% Encoding: ISO8859_1

@UNPUBLISHED{AnsaldoEtAl2006dobes,
  author = {Umberto Ansaldo and Lisa Lim and Sebastian Nordhoff},
  title = {Variation and shift in Sri Lanka Malay},
  note = {Paper presented at the  DobeS workshop, MPI Nijmegen},
  year = {2006},
  owner = {snordhoff},
  timestamp = {2012.06.05}
}

@UNPUBLISHED{AnsaldoEt2005icsls,
  author = {Umberto Ansaldo and Lisa Lim and Sebastian Nordhoff},
  title = {Documentation and Description of Sri Lanka Malay},
  note = {Paper presented at  10th International Conference on Sri Lankan Studies
	- Kelaniya, Sri Lanka},
  year = {2005},
  owner = {snordhoff},
  timestamp = {2012.06.05}
}

@UNPUBLISHED{AnsaldoEtAl2006giessen,
  author = {Umberto Ansaldo and Sebastian Nordhoff},
  title = {Complexity and the age of languages},
  note = {Paper presented at the 7th Creolistics Workshop -- University of
	Gie{\ss}en},
  year = {2006},
  owner = {snordhoff},
  timestamp = {2012.06.05}
}

@UNPUBLISHED{AnsaldoEtAl2006swl,
  author = {Umberto Ansaldo and Sebastian Nordhoff},
  title = {The role of typological pressure in contact-induced restructuring},
  note = {Paper presented at Syntax of the World's Languages II, University
	of  Lancaster, UK},
  year = {2006},
  owner = {snordhoff},
  timestamp = {2012.06.05}
}

@UNPUBLISHED{ApoussidouEtAl2008,
  author = {Diana Apoussidou and Sebastian Nordhoff},
  title = {Feet in Sri Lanka Malay -- no stress please},
  note = {Paper presented at OCP 5, January 2008, Toulouse},
  year = {2008},
  lgcode = {[sci]},
  owner = {snordhoff},
  timestamp = {2009.01.07}
}

@UNPUBLISHED{HammarstroemEtAl2011Howmany,
  author = {Hammarstr\"om, Harald and Nordhoff, Sebastian},
  title = {How many languages have so far been described?},
  note = {Paper presented at NWO Endangered Languages Programme Conference,
	Leiden, April 2011},
  year = {2011},
  owner = {snordhoff},
  timestamp = {2011.10.20}
}

@UNPUBLISHED{Nordhoff2012ismil,
  author = {Sebastian Nordhoff},
  title = {Phonological cover-up: undoing sound changes in Sri Lanka Malay},
  note = {Paper presented at ISMIL XVI, Kelaniya, Sri Lanka, June},
  year = {2012},
  owner = {snordhoff},
  timestamp = {2012.06.05}
}

@UNPUBLISHED{Nordhoff2011coslam,
  author = {Nordhoff, Sebastian},
  title = {Becoming a written language},
  note = {Paper presented at the WASLAM/COSLAM seminar, Colombo, Sri Lanka,
	May},
  year = {2011},
  owner = {snordhoff},
  timestamp = {2012.06.05}
}

@UNPUBLISHED{Nordhoff2011rcic,
  author = {Sebastian Nordhoff},
  title = {Dialect levelling, substrate reinforcement, and  metatypy in the
	history of Sri Lanka Malay.},
  note = {Paper presented at the workshop Rethinking Contact-Induced Change,
	Leiden, June},
  year = {2011},
  owner = {snordhoff},
  timestamp = {2012.06.05}
}

@UNPUBLISHED{Nordhoff2011valency,
  author = {Sebastian Nordhoff},
  title = {Valency in Sri Lanka Malay},
  note = {Paper presented at the Conference on Valency Classes MPI-EVA, April},
  year = {2011},
  owner = {snordhoff},
  timestamp = {2012.06.05}
}

@UNPUBLISHED{Nordhoff2010ismil,
  author = {Nordhoff, Sebastian},
  title = {Sinhala influence in Sri Lanka Malay},
  note = {14th International Symposium on Malay/Indonesian Linguistics, University
	of Minneapolis, May},
  year = {2010},
  month = {May},
  howpublished = {Paper presented at ISMIL XIV, University of Minnesota},
  lgcode = {[sci] [sin] [tam]},
  owner = {snordhoff},
  timestamp = {2010.10.13}
}

@UNPUBLISHED{Nordhoff2010sampling,
  author = {Sebastian Nordhoff},
  title = {Controlling for genetic bias and controlling for genesis bias in
	typological samples},
  note = {Paper presented at the second APiCS Workshop, MPI-EVA, November},
  year = {2010},
  owner = {snordhoff},
  timestamp = {2012.06.05}
}

@UNPUBLISHED{Nordhoff2010slm,
  author = {Sebastian Nordhoff},
  title = {The genesis of Sri Lanka Malay as a multi-layered process},
  note = {Paper presented at Past, Present and Future of Sri Lanka Malay, MPI
	Leipzig, November},
  year = {2010},
  owner = {snordhoff},
  timestamp = {2012.06.05}
}

@UNPUBLISHED{Nordhoff2010valency,
  author = {Nordhoff, Sebastian},
  title = {No Valency Classes in Sri Lanka Malay},
  note = {Paper presented at the workshop on valency classes, Max Planck Institute
	for Evolutionary Anthropology, Leipzig, August 2010.},
  year = {2010},
  lgcode = {[sci]},
  owner = {snordhoff},
  timestamp = {2011.03.24}
}

@UNPUBLISHED{Nordhoff2009glottolog,
  author = {Sebastian Nordhoff},
  title = {The Glottolog language catalog},
  note = {Paper presented at the Language Catalogue Workshop, MPI Leipzig},
  year = {2009},
  owner = {snordhoff},
  timestamp = {2012.06.05}
}

@UNPUBLISHED{Nordhoff2009lcitic,
  author = {Sebastian Nordhoff},
  title = {The Sri Lankan linguistic ecology},
  note = {Paper presented at Language Contact in the Indian Ocean. University
	of Amsterdam, November},
  year = {2009},
  owner = {snordhoff},
  timestamp = {2012.06.05}
}

@UNPUBLISHED{Nordhoff2009soas,
  author = {Sebastian Nordhoff},
  title = {Multi-Verb-Constructions in Sri Lanka Mala},
  note = {Paper presented at  4th Conference on Austronesian Languages \& Linguistics.
	SOAS, London, June},
  year = {2009},
  owner = {snordhoff},
  timestamp = {2012.06.05}
}

@UNPUBLISHED{Nordhoff2009utrecht,
  author = {Sebastian Nordhoff},
  title = {The grammatical description as a mediator between text and typologist},
  note = {Paper presented at Workshop on Small Tools for Cross-Linguistic Research.
	University of Utrecht, July},
  year = {2009},
  owner = {snordhoff},
  timestamp = {2012.06.05}
}

@UNPUBLISHED{Nordhoff2008ismil,
  author = {Sebastian Nordhoff},
  title = {Uncommon two orders of ADJ, NUM and N in Sri Lanka Malay},
  note = {Paper presented at  ISMIL 12, Leiden, June},
  year = {2008},
  owner = {snordhoff},
  timestamp = {2012.06.05}
}

@UNPUBLISHED{Nordhoff2008soas,
  author = {Sebastian Nordhoff},
  title = {Growing a Grammar with Galoe},
  note = {Paper presented in the SOAS seminar series},
  year = {2008},
  owner = {snordhoff},
  timestamp = {2012.06.05}
}

@UNPUBLISHED{Nordhoff2007alt,
  author = {Sebastian Nordhoff},
  title = {Grammar writing in the Electronic Age},
  note = {Paper presented at the ALT VII conference in Paris},
  year = {2007},
  owner = {snordhoff},
  timestamp = {2009.05.15}
}

@UNPUBLISHED{Nordhoff2007dobes,
  author = {Sebastian Nordhoff},
  title = {Growing a grammar with GALOES},
  note = {Paper presented at the Dobes workshop at the MPI Nijmegen},
  year = {2007},
  owner = {snordhoff},
  timestamp = {2009.05.15}
}

@UNPUBLISHED{Nordhoff2007mpi,
  author = {Sebastian Nordhoff},
  title = {The grammar authoring system GALOES},
  note = {Paper presented at the workshop ``Wikifying research'' at the MPI
	Leipzig},
  year = {2007},
  owner = {snordhoff},
  timestamp = {2009.05.15}
}

@UNPUBLISHED{Nordhoff2007slmpos,
  author = {Sebastian Nordhoff},
  title = {Jack-of-all-trades: The Sri Lankan Malay property word},
  note = {Paper presented at the Workshop on flexible languages, Amsterdam},
  year = {2007},
  month = {April},
  lgcode = {[sci]},
  owner = {snordhoff},
  timestamp = {2007.08.08}
}

@UNPUBLISHED{Nordhoff2007spcl,
  author = {Sebastian Nordhoff},
  title = {Vowel quantity in Sri Lanka Malay},
  note = {paper presented at the Joint Summer Meeting of the SPCL and the ACBLPE
	2007},
  year = {2007},
  lgcode = {[sci]},
  owner = {snordhoff},
  timestamp = {2007.08.08}
}

@UNPUBLISHED{Nordhoff2006lcg,
  author = {Sebastian Nordhoff},
  title = {Sri Lanka Malay as a window on the creation of new languages},
  note = {Paper presented at the Language Creation Group, University of Amsterdam},
  year = {2006},
  owner = {snordhoff},
  timestamp = {2012.06.05}
}

@UNPUBLISHED{Nordhoff2006nap,
  author = {Sebastian Nordhoff},
  title = {Grammar writing in the Electronic Age},
  note = {Paper presented at NAP-dag, University of Amsterdam},
  year = {2006},
  owner = {snordhoff},
  timestamp = {2012.06.05}
}

@UNPUBLISHED{Nordhoff2006rara,
  author = {Sebastian Nordhoff},
  title = {Subtractive plural marking in Sinhala},
  note = {Paper presented at Rara and Rarissima, MPI-EVA, Leipzig},
  year = {2006},
  owner = {snordhoff},
  timestamp = {2012.06.05}
}

@UNPUBLISHED{Nordhoff2004ru,
  author = {Sebastian Nordhoff},
  title = {Voice in Guarani},
  note = {Paper presented at Americanists' Colloquium - RU Nijmegen},
  year = {2004},
  owner = {snordhoff},
  timestamp = {2012.06.05}
}

@UNPUBLISHED{Nordhoff2004swk,
  author = {Sebastian Nordhoff},
  title = {Stative Verben und Possession im Guarani},
  note = {Paper presented at  Sprachwissenschaftliche Werkstatt, Universit\"at
	zu K\"oln},
  year = {2004},
  owner = {snordhoff},
  timestamp = {2012.06.05}
}

@UNPUBLISHED{Nordhoff2004swl,
  author = {Sebastian Nordhoff},
  title = {Stative Verbs and Possession in Guarani},
  note = {Paper presented at Syntax of the World's Languages, MPI-EVA, Leipzig,
	August},
  year = {2004},
  owner = {snordhoff},
  timestamp = {2012.06.05}
}

@UNPUBLISHED{NordhoffEtAl2009dgfs,
  author = {Sebastian Nordhoff and Diana Apoussidou},
  title = {Anchoring intonation in a language without word stress.},
  note = {Paper presented at the workshop  Prosodic Typology: State of the
	Art and Future Prospects at the DGfS},
  year = {2009},
  owner = {snordhoff},
  timestamp = {2012.06.05}
}

@UNPUBLISHED{NordhoffEtAl2012dhpaper,
  author = {Sebastian Nordhoff and Harald Hammarstr\"om},
  title = {Cataloguing linguistic diversity: Glottolog/Langdo},
  note = {paper presented at  ``Digital Humanities 2012'', Hamburg, July.},
  year = {2012},
  owner = {snordhoff},
  timestamp = {2012.06.05}
}

@UNPUBLISHED{NordhoffEtAl2011alt,
  author = {Sebastian Nordhoff and Hammarstr\"om, Harald},
  title = {Countering bibliographical bias with LangDoc, a bibliographical database
	for lesser known languages},
  note = {Paper presented at ALT IX, Hong Kong, July},
  year = {2011},
  owner = {snordhoff},
  timestamp = {2012.06.05}
}

@UNPUBLISHED{NordhoffEtAl2011howmany,
  author = {Sebastian Nordhoff and Harald Hammarstr\"om},
  title = {How Many Languages Have so far been Described?},
  note = {Paper presented at NWO Endangered Languages Programme Conference,
	Leiden, April},
  year = {2011},
  owner = {snordhoff},
  timestamp = {2012.06.05}
}

@UNPUBLISHED{NordhoffEtAl2011ISWCpaper,
  author = {Nordhoff, Sebastian and Harald Hammarstr\"om},
  title = {Glottolog/Langdoc: Defining Dialects, Languages, and Language Families
	as Collections of Resources},
  note = {Paper presented at the First International Workshop on Linked Science
	2011 In conjunction with the International Semantic Web Conference
	(ISWC2011), Bonn, October},
  year = {2011},
  owner = {snordhoff},
  timestamp = {2012.06.05}
}

@UNPUBLISHED{NordhoffEtAl2007alt,
  author = {Nordhoff, Sebastian and Slomanson, Peter},
  title = {Independent development in a mixed language},
  note = {Paper presented at the conference Variation and change in contact
	settings, Universit\'e de Paris},
  year = {2007},
  lgcode = {[sci] [sin] [tam]},
  owner = {snordhoff},
  timestamp = {2010.11.09}
}

@UNPUBLISHED{SeifartEtAl2010dobes,
  author = {Seifart, Frank and Roland Meyer and Taras Zakharko and Balthasar
	Bickel and Swintha Danielsen and Sebastian Nordhoff and Alena Witzlack-Makarevich},
  title = {Cross-linguistic variation in the noun-to-verb ratio: Exploring automatic
	tagging and quantitative corpus analysis},
  note = {Paper presented at the DobeS Workshop ``Advances in Documentary Linguistics''
	Nijmegen, 14-15 October},
  year = {2010},
  owner = {snordhoff},
  timestamp = {2012.06.05}
}

@comment{jabref-meta: selector_publisher:}

@comment{jabref-meta: selector_author:}

@comment{jabref-meta: selector_journal:}

@comment{jabref-meta: selector_keywords:}

