% This file was created with JabRef 2.7b.
% Encoding: Cp1252

@INCOLLECTION{ChiarcosEtAl2012ldl-llod,
  author = {Christian Chiarcos and Sebastian Hellmann and Sebastian Nordhoff},
  year = {2012},
  title = {Linking linguistic resources: {Examples} from the {Open Linguistics
	Working Group}},
  crossref = {ChiarcosEtAlEd2012},
  booktitle = {Linked Data in Linguistics. Representing Language Data and Metadata},
  editor = {Christian Chiarcos and Sebastian Nordhoff and Sebastian Hellmann},
  address = {Heidelberg},
  publisher = {Springer},
  pages = {201-216}
}

@INCOLLECTION{ChiarcosEtAl2012ldl-owlg,
  author = {Christian Chiarcos and Sebastian Hellmann and Sebastian Nordhoff},
  year = {2012},
  title = {The Open Linguistics Working Group of the Open Knowledge Foundation},
  crossref = {ChiarcosEtAlEd2012},
  booktitle = {Linked Data in Linguistics. Representing Language Data and Metadata},
  editor = {Christian Chiarcos and Sebastian Nordhoff and Sebastian Hellmann},
  address = {Heidelberg},
  publisher = {Springer},
  pages = {153-160}
}

@INCOLLECTION{Nordhoff2012ldl,
  author = {Sebastian Nordhoff},
  year = {2012},
  title = {Linked Data for linguistic diversity research: Glottolog/Langdoc
	and ASJP},
  crossref = {ldl2012},
  booktitle = {Linked Data in Linguistics. Representing Language Data and Metadata},
  editor = {Christian Chiarcos and Sebastian Nordhoff and Sebastian Hellmann},
  address = {Heidelberg},
  publisher = {Springer},
  pages = {191-200},
  owner = {snordhoff},
  timestamp = {2012.06.05}
}

@INCOLLECTION{Nordhofffcvalency,
  author = {Nordhoff, Sebastian},
  year = {forthcoming},
  title = {Valency in Sri Lanka Malay},
  crossref = {MalchukovEtAlEdfcvalnecy},
  booktitle = {Valency Classes: A comparative handbook},
  editor = {Andrej Malchukov and Bernard Comrie},
  address = {Berlin},
  publisher = {de Gruyter Mouton},
  owner = {snordhoff},
  timestamp = {2012.05.30}
}

@INCOLLECTION{Nordhofffcfufomp,
  author = {Sebastian Nordhoff},
  year = {forthcoming},
  title = {The grammatical description as a collection of form-meaning pairs},
  crossref = {NordhoffEd2012grammaticography},
  booktitle = {Electronic Grammaticography},
  editor = {Sebastian Nordhoff},
  address = {Manoa},
  publisher = {University of Hawai'i Press},
  timestamp = {2011.08.25}
}

@INCOLLECTION{Nordhoff2012multilayer,
  author = {Sebastian Nordhoff},
  year = {2012},
  title = {The development of Sri Lanka Malay as a multi-layered process},
  crossref = {NordhoffEd2012Brill},
  booktitle = {The genesis of Sri Lanka Malay -- A case of extreme language contact},
  editor = {Nordhoff, Sebastian},
  address = {Leiden},
  publisher = {Brill},
  owner = {snordhoff},
  timestamp = {2012.05.31}
}

@INCOLLECTION{Nordhofffcsketch,
  author = {Sebasian Nordhoff},
  year = {forthcoming},
  title = {Sri Lanka Malay sketch grammar},
  crossref = {NorrdhoffEd2012Brill},
  owner = {snordhoff},
  timestamp = {2012.06.02}
}

@INCOLLECTION{AnsaldoEtAl2009age,
  author = {Umberto Ansaldo and Sebastian Nordhoff},
  year = {2009},
  title = {Complexity and the age of languages},
  booktitle = {Complex processes in new languages},
  editor = {Enoch O. Aboh and N. Smith},
  address = {Amsterdam},
  publisher = {John Benjamins},
  pages = {345-363},
  lgcode = {[sci] [cmn] [och]},
  timestamp = {2009.04.29}
}

@ARTICLE{ChiarcosEtAl2012tal,
  author = {Christian Chiarcos and Sebastian Hellmann and Sebastian Nordhoff},
  year = {2012},
  title = {Towards a Linguistic Linked Open Data cloud: The Open Linguistics
	Working Group},
  journal = {Traitement Automatique des Langues},
  volume = {53},
  number = {2}
}

@INPROCEEDINGS{ChiarcosEtAl2012lrec-owlg,
  author = {Christian Chiarcos and Sebastian Hellmann and Sebastian Nordhoff
	and Steven Moran and Richard Littauer and Judith Eckle-Kohler and
	Iryna Gurevych and Silvana Hartmann and Michael Matuschek and Christian
	M. Meyer},
  title = {The Open Linguistics Working Group},
  booktitle = {Proceedings of LREC 2012},
  year = {2012},
  owner = {snordhoff},
  timestamp = {2012.06.05}
}

@INCOLLECTION{HammarstroemEtAlfcMelanesia,
  author = {Harald Hammarstr\"om and Sebastian Nordhoff},
  year = {forthcoming},
  title = {Achievements and Challenges in the Description of the Languages of
	Melanesia},
  booktitle = {Papers from the Manokwari conference},
  editor = {Marian Klamer and Nick Evans},
  series = {LDC},
  timestamp = {2011.10.20}
}

@ARTICLE{HammarstroemEtAl2011Oslo,
  author = {Harald Hammarstr\"om and Sebastian Nordhoff},
  year = {2011},
  title = {LangDoc: Bibliographic Infrastructure for Linguistic Typology},
  journal = {Oslo Studies in Language},
  volume = {3},
  pages = {31-43},
  number = {2},
  timestamp = {2011.10.24},
  url = {https://www.journals.uio.no/index.php/osla/article/view/75/199}
}

@INCOLLECTION{NitzEtAl2010,
  author = {Eike Nitz and Sebastian Nordhoff},
  year = {2010},
  title = {Subtractive Plural Morphology in Sinhala},
  booktitle = {Rara \& Rarissima. Collecting and interpreting unusual characteristics
	of human languages},
  editor = {Jan Wohlgemuth and Michael Cysouw},
  address = {Berlin},
  publisher = {Mouton de Gruyter},
  pages = {247-266},
  lgcode = {[sin]},
  timestamp = {2007.08.08}
}

@INCOLLECTION{Nordhoff2012ldl-glottolog,
  author = {Sebastian Nordhoff},
  year = {2012},
  title = {{Linked Data} for linguistic diversity research: {Glottolog/Langdoc}
	and {ASJP}},
  booktitle = {Linked Data in Linguistics. Representing and Connecting Language
	Data and Language Metadata},
  editor = {Chiarcos, Christian and Nordhoff, Sebastian and Hellmann, Sebastian},
  address = {Heidelberg},
  publisher = {Springer},
  pages = {191-200},
  doi = {10.1007/978-3-642-28249-2},
  isbn = {978-3-642-28248-5},
  url = {http://www.springer.com/computer/ai/book/978-3-642-28248-5}
}

@INCOLLECTION{Nordhofffcjoat,
  author = {Sebastian Nordhoff},
  year = {forthcoming},
  title = {Jack-of-all-trades: The Sri Lankan Malay property word},
  booktitle = {Flexible word classes: a typological study of underspecified parts-of-speech},
  editor = {van Lier, Eva and Rijkhoff, Jan},
  address = {Oxford},
  publisher = {OUP},
  lgcode = {[sci]},
  timestamp = {2007.08.08}
}

@ARTICLE{Nordhofffcsvc,
  author = {Sebastian Nordhoff},
  year = {forthcoming},
  title = {Multi-verb constructions in Sri Lanka Malay},
  journal = {Journal of Pidgin and Creole Languages},
  volume = {27},
  number = {2},
  lgcode = {[sci] [sin] [tam]},
  timestamp = {2011.03.24}
}

@ARTICLE{Nordhoff2013slp,
  author = {Sebastian Nordhoff},
  year = {2013},
  title = {The current state of Sri Lanka Portuguese},
  journal = {Journal of Pidgin and Creole Languages},
  volume = {28},
  number = {1},
  owner = {snordhoff},
  timestamp = {2012.06.02}
}

@ARTICLE{Nordhoff2012sinhalainfluence,
  author = {Sebastian Nordhoff},
  year = {2012},
  title = {Establishing and dating Sinhala influence in Sri Lanka Malay},
  journal = {Journal of Language Contact},
  volume = {5},
  pages = {23-57},
  number = {1},
  owner = {snordhoff},
  timestamp = {2012.05.30}
}

@ARTICLE{Nordhoff2012smith,
  author = {Sebastian Nordhoff},
  year = {2012},
  title = {Commentary on Smith's papers},
  journal = {Journal of Language Contact},
  volume = {5},
  pages = {73-79},
  owner = {snordhoff},
  timestamp = {2012.05.30}
}

@ARTICLE{Nordhoff2011copula,
  author = {Sebastian Nordhoff},
  year = {2011},
  title = {Having come to be a copula in Sri Lanka Malay -- an unusual grammaticalization
	path},
  journal = {Folia Linguistica},
  volume = {45},
  pages = {103-126},
  number = {1},
  lgcode = {[sci] [sin] [tam] [ind]},
  timestamp = {2011.03.24}
}

@ARTICLE{Nordhoff2011transparency,
  author = {Nordhoff, Sebastian},
  year = {2011},
  title = {Transparency in Sri Lanka Malay},
  journal = {Linguistics in Amsterdam},
  volume = {4},
  number = {2},
  lgcode = {[sci]},
  timestamp = {2011.03.24}
}

@ARTICLE{Nordhoff2008jldc,
  author = {Sebastian Nordhoff},
  year = {2008},
  title = {Electronic reference grammars for typology -- challenges and solutions},
  journal = {Journal for Language Documentation and Conservation},
  volume = {2},
  pages = {296--324},
  number = {2},
  timestamp = {2009.05.15},
  url = {http://hdl.handle.net/10125/4352}
}

@ARTICLE{Nordhoff2008lia,
  author = {Nordhoff, Sebastian},
  year = {2008},
  title = {Towards a mathematical model of word class clusterings},
  journal = {Linguistics in Amsterdam},
  volume = {1},
  pages = {5-35},
  owner = {snordhoff},
  timestamp = {2012.06.05}
}

@INPROCEEDINGS{NordhoffEtAl2012DH,
  author = {Sebastian Nordhoff and Harald Hammarstr\"om},
  title = {Cataloguing linguistic diversity: Glottolog/Langdoc},
  booktitle = {Proceedings of Digital Humanities 2012},
  year = {2012},
  owner = {snordhoff},
  timestamp = {2012.06.05}
}

@INPROCEEDINGS{NordhoffEtAl2012lrec,
  author = {Sebastian Nordhoff and Harald Hammarstr\"om},
  title = {Glottolog/Langdoc: Increasing the visibility of grey literature for
	low-density languages},
  booktitle = {Proceedings of LREC 2012},
  year = {2012}
}

@INPROCEEDINGS{NordhoffEtAl2011iswc,
  author = {Sebastian Nordhoff and Harald Hammarstr\"om},
  title = {{Glottolog/Langdoc: Defining} dialects, languages, and language families
	as collections of resources},
  booktitle = {Proceedings of the First International Workshop on Linked Science
	2011},
  year = {2011},
  volume = {783},
  series = {CEUR Workshop Proceedings},
  url = {http://iswc2011.semanticweb.org/fileadmin/iswc/Papers/Workshops/LISC/nordhoff.pdf}
}

