% This file was created with JabRef 2.9b2.
% Encoding: Cp1252

@INCOLLECTION{Gair1976sinhalasubject,
  author = {James W. Gair},
  title = {Is Sinhala a Subject Language?},
  crossref = {Verma1976},
  pages = {39-63},
  lgcode = {sin}
}

@INCOLLECTION{Gair1988agr,
  author = {James W. Gair},
  year = {1998 [1988]},
  title = {On disitinguishing AGR from agr},
  crossref = {Gair1998},
  lgcode = {sin}
}

@INCOLLECTION{Gair1983,
  author = {James W. Gair},
  year = {1998 [1983]},
  title = {Nonconfigurationality, Movement and Sinhala Focus},
  crossref = {Gair1998},
  pages = {50--64},
  note = {revised version of a paper presented at the Linguistics Association
	of Great Britain, Newcastle, September 1983.},
  lgcode = {sin}
}

@INCOLLECTION{Gair1978,
  author = {James W. Gair},
  year = {1998 [1978]},
  title = {Selections from the Review of Southwood and Apte},
  crossref = {Gair1998},
  lgcode = {sin}
}

@INCOLLECTION{Gair1998someremarks,
  author = {James W. Gair},
  year = {1998 [1976]},
  title = {Selections from ``The Verb in Sinhala, with some Preliminary remarks
	on Dravidianization},
  crossref = {Gair1998},
  note = {appeared originally in International Journal on Dravidian Linguistics
	5(2):259-273},
  lgcode = {sin}
}

@INCOLLECTION{Gair1970,
  author = {Gair, James W.},
  year = {1970[1998]},
  title = {About Colloquial Sinhalese Clause Structures},
  crossref = {Gair1998},
  adress = {The Hague},
  lgcode = {sin}
}

@INCOLLECTION{Gair1985calque,
  author = {James W. Gair},
  year = {1985},
  title = {Sinhala Focused Sentences: Naturalization of a Calque},
  crossref = {KrishnamurtiEtAlEd1985},
  pages = {147--164},
  note = {Reprinted in Gair (1998), pp. 153--169},
  lgcode = {sin}
}

@INCOLLECTION{Gair1985diglossia,
  author = {James W. Gair},
  year = {1985},
  title = {Sinhalese Diglossia Revisited, or, Diglossia Dies Hard},
  crossref = {KrishnamurtiEtAlEd1985},
  pages = {322--336},
  note = {Reprinted in Gair (1998), pp. 224--136},
  lgcode = {sin}
}

@UNPUBLISHED{GairEtAl1990,
  author = {James W. Gair and W. S. Karunatillake},
  title = {Pronouns, Reflexives and Antianaphora in Sinhala},
  note = {Paper presented by Gair at SALA 12 in Berkeley. Reprinted with Karunatillake
	as co-author in Gair (1998) pp. 126--139},
  year = {1990},
  crossref = {Gair1998},
  lgcode = {sin}
}

@INCOLLECTION{Gairdonotuse,
  author = {James W. Gair and S. Suseendirarajah},
  title = {Some Aspects of the Jaffna Verbal System},
  crossref = {Gair1998},
  pages = {170--181},
  lgcode = {sin},
  timestamp = {2007.01.19}
}

@INCOLLECTION{Geiger1973character,
  author = {Wilhelm Geiger},
  title = {The Linguistic Character of Sinhalese},
  crossref = {Geiger1973},
  pages = {495-522},
  lgcode = {sin}
}

@ARTICLE{AnsaldoEtAlfc,
  author = {Umberto Ansaldo and Sebastian Nordhoff},
  year = {forthcoming},
  title = {Sinhala as an active-dative language},
  lgcode = {sin}
}

@ARTICLE{Bloch1910,
  author = {Jules Bloch},
  year = {1910},
  title = {Castes et dialects en Tamoul},
  journal = {M\'emoires de la Societ� de Linguistique},
  volume = {16},
  pages = {1-30},
  lgcode = {sin}
}

@BOOK{CainEtAl2000,
  author = {Bruce D. Cain and James W. Gair},
  year = {2000},
  title = {Dhivehi (Maldivian)},
  address = {M\"unchen},
  publisher = {LINCOM},
  lgcode = {sin}
}

@BOOK{Chater1815,
  author = {James Chater},
  year = {1815},
  title = {A grammar of the Cingalese language},
  address = {Colombo},
  publisher = {Government Press},
  lgcode = {sin},
  timestamp = {2009.04.03}
}

@PHDTHESIS{Abrew1981,
  author = {Kamal K. {De Abrew}},
  title = {The Syntax and Semantics of Negation in Sinhala},
  school = {Cornell University},
  year = {1981},
  lgcode = {sin}
}

@MASTERSTHESIS{Abrew1963,
  author = {K. Kamal {de Abrew}},
  title = {A Syntactic Study of the Verbal Piece in Colloquial Sinhalese},
  school = {University of London},
  year = {1963},
  lgcode = {sin}
}

@BOOK{DeAlwis1852,
  author = {James {De Alwis}},
  year = {1852},
  title = {Sidath Sangarawa. A Grammar of the Sinhalese language},
  address = {Colombo},
  lgcode = {sin},
  timestamp = {2009.03.24}
}

@BOOK{DeSilva1979,
  author = {M. W. S. {de Silva}},
  year = {1979},
  title = {Sinhala and Other Island Languages of Southern Asia},
  address = {T�bingen},
  publisher = {G\"unther Narr},
  adress = {T\"ubingen},
  lgcode = {sin}
}

@ARTICLE{DeSilva1974,
  author = {M. W. Sugathapala {De Silva}},
  year = {1974},
  title = {Convergence in Diglossia: The Singhalese situation},
  journal = {International Journal of Dravidian Linguistics},
  volume = {3},
  number = {1},
  pages = {60-91},
  lgcode = {sin}
}

@BOOK{DeSilva1972,
  author = {M. W. Sugathapala {De Silva}},
  year = {1972},
  title = {Vedda Language of Ceylon. Texts and Lexicon},
  address = {M\"unchen},
  publisher = {R. Kitzinger},
  lgcode = {sin}
}

@ARTICLE{DeSilva1967,
  author = {M. W. S. {De Silva}},
  year = {1967},
  title = {Effects of purism on the evolution of writte language},
  journal = {Linguistics},
  volume = {36},
  lgcode = {sin}
}

@ARTICLE{DeSilva1960,
  author = {M. W. S. {De Silva}},
  year = {1960},
  title = {Verbal categories in Spoken Singhalese},
  journal = {University of Ceylon Review},
  volume = {18},
  number = {1},
  lgcode = {sin}
}

@ARTICLE{Dharmadasa1974,
  author = {K. N. O. Dharmadasa},
  year = {1974},
  title = {The creolization of an aboriginal language: The Case of Vedda in
	Sri Lanka (Ceylon)},
  journal = {Anthropological Linguistics},
  volume = {16},
  number = {2},
  pages = {79-106},
  lgcode = {sin}
}

@MASTERSTHESIS{Dharmadasa1967,
  author = {K. N. O. Dharmadasa},
  title = {Written and Spoken Sinhala},
  school = {York University},
  year = {1967},
  lgcode = {sin}
}

@BOOK{Dissanayaka2003,
  author = {J. B. Dissanayaka},
  year = {2003},
  title = {Say it in Sinhala},
  address = {Pannipitiya},
  publisher = {Stamford Lake},
  lgcode = {sin}
}

@BOOK{Dissanayaka1994,
  author = {J. B. Dissanayaka},
  year = {1994},
  title = {Sinhala -- A Unique Indo-Aryan Language},
  address = {Colombo},
  publisher = {M. H. Publications},
  lgcode = {sin}
}

@ARTICLE{Dissanayake1978,
  author = {J. B. Dissanayake},
  year = {1978},
  title = {In Search of a Lost Language: Some Observations on the Complex Origin
	of Sinhala},
  journal = {Ceylon Historical Journal},
  volume = {25},
  number = {1-4},
  lgcode = {sin}
}

@ARTICLE{Elizarenkova1972,
  author = {T. Elizarenkova},
  year = {1972},
  title = {Influence of Dravidian Phonological System on Sinhalese},
  journal = {International Journal of Dravidian Linguistics},
  volume = {1},
  number = {2},
  lgcode = {sin}
}

@BOOK{FairbanksEtAl1968,
  author = {Gordon W. Fairbanks and James W. Gair and M. W. S. {De Silva}},
  year = {1968},
  title = {Colloquial Sinhalese (Sinhala)},
  address = {Ithaca},
  publisher = {South Asia Programm, Cornell University},
  adress = {Ithaca NY},
  lgcode = {sin}
}

@ARTICLE{Fernando1977,
  author = {Chitra Fernando},
  year = {1977},
  title = {English and Sinhala Bilingualism in Sri Lanka},
  journal = {Language in Society},
  volume = {5},
  pages = {341-360},
  lgcode = {sin}
}

@PHDTHESIS{Fernando1973,
  author = {Madra Siromani Fernando},
  title = {The Syntax of Complex Sentences in Sinhala},
  school = {University of London},
  year = {1973},
  lgcode = {sin}
}

@INCOLLECTION{Gair1991deixis,
  author = {James W. Gair},
  year = {1991},
  title = {Discourse Deixis and Situational Deixis in Sinhala},
  booktitle = {Studies in Dravidian and General Linguistics: A Festschrift for Bh.
	Krishnamurti},
  editor = {Lakshmi Bai Balachandran and B. Ramakrishna Reddy},
  address = {Hyderabad},
  publisher = {Osmania University},
  pages = {448--467},
  note = {Reprinted in Gair (1998), pp. 111--126},
  lgcode = {sin}
}

@INCOLLECTION{Gair2003,
  author = {James W. Gair},
  year = {2003},
  title = {Sinhala},
  booktitle = {The Indo-Aryan Languages},
  editor = {George Cardona and Dhanesh Jain},
  address = {London},
  publisher = {Routledge},
  pages = {766--818},
  lgcode = {sin},
  timestamp = {2009.01.26}
}

@INCOLLECTION{Gair1985dravidianization,
  author = {James W. Gair},
  year = {1985},
  title = {How Dravidianized Was Sinhala Phonology: Some Conclusions and Cautions},
  booktitle = {Festschrift for Gordon H. Fairbanks},
  editor = {R. L. Leed and V. Acson},
  address = {Honolulu},
  publisher = {Oceanic Linguistics, University of Hawaii},
  pages = {37--55},
  note = {Reprinted in Gair (1998), pp. 185--199},
  lgcode = {sin}
}

@BOOK{Gair1998,
  author = {James W. Gair},
  editor = {Barbara C. Lust},
  year = {1998},
  title = {Sinhala and Other South East Asian Languages},
  address = {New York, Oxford},
  publisher = {OUP},
  lgcode = {sin}
}

@INCOLLECTION{Gair1991infl,
  author = {James W. Gair},
  year = {1991},
  title = {Subjects, Case and INFL in Sinhala},
  booktitle = {Experiencer Subjects in South Asian Languages},
  editor = {M. Verma and K. P. Mohanan},
  address = {Palo Alto},
  publisher = {Center for the Study of Language and Information},
  pages = {13--41},
  note = {Reprinted in Gair (1998), pp. 65--86},
  lgcode = {sin}
}

@INCOLLECTION{Gair1971actioninvolvement,
  author = {James W. Gair},
  year = {1971},
  title = {Action Involvement Categories in Colloquial Sinhala},
  booktitle = {Themes in Culture: Essays in Honor of Morris E. Opler},
  editor = {M. Zamorra and J. Michael Mahar and H. Orenstein},
  address = {Manila},
  publisher = {Kayumanggi Publishers},
  pages = {238--256},
  note = {Reprinted in Gair (1998), pp. 25--46},
  lgcode = {sin}
}

@MISC{Gair1994ssala,
  author = {Gair, James W. },
  title = {Universals and The South-South Asian Language Area},
  howpublished = {Keynote Address SALA (South Asia Language Analysis). University of
	Pennsylvania, May 20 1994},
  year = {1994}
}

@ARTICLE{Gair1982isolate,
  author = {James W. Gair},
  year = {1982},
  title = {Sinhala: an Indo-Aryan isolate},
  journal = {South Asian Literary Association Journal},
  volume = {5},
  number = {3},
  pages = {51-64},
  note = {reprinted in Gair (1998) pp. 1--12},
  lgcode = {sin}
}

@ARTICLE{Gair1976verbsinhala,
  author = {James W. Gair},
  year = {1976},
  title = {The Verb in Sinhala, with some Preliminary remarks on Dravidianization},
  journal = {International Journal on Dravidian Linguistics},
  volume = {10},
  number = {8},
  pages = {259--273},
  lgcode = {sin},
  timestamp = {2009.05.21}
}

@ARTICLE{Gair1968,
  author = {James W. Gair},
  year = {1968},
  title = {Sinhalese Diglossia},
  journal = {Anthropological Linguistics},
  volume = {10},
  number = {8},
  pages = {1--15},
  note = {Reprinted in Gair (1998), pp. 213--223},
  lgcode = {sin}
}

@ARTICLE{Gair1967inflcpos,
  author = {Gair, James W.},
  year = {1967},
  title = {Colloquial Sinhala Inflectional Categories and Parts of Speech},
  journal = {Indian Linguistics},
  volume = {27},
  pages = {32--45},
  note = {Reprinted in Gair (1998), pp. 13--25},
  lgcode = {sin}
}

@BOOK{GairEtAl1974literary,
  author = {James W. Gair and W. S. Karunatillake},
  year = {1974},
  title = {Literary Sinhala},
  address = {Ithaca},
  publisher = {Cornell University South Asia Program},
  lgcode = {sin},
  timestamp = {2009.05.15}
}

@BOOK{GairEtAl1987,
  author = {James W. Gair and W. S. Karunatillake and John C. Paolillo},
  year = {1987},
  title = {Readings in Colloquial Sinhala},
  publisher = {Cornell University South Asia Program},
  adress = {Ithaca NY},
  lgcode = {sin}
}

@INCOLLECTION{GairEtAl1995,
  author = {James W. Gair and Barbara Lust and Tej Bhatia and Vashini Sharma
	and Jyoti Khare},
  year = {1995},
  title = {A Parameter-Setting Paradox: Childrens's acquisition of Hindi, Anaphora
	in \em jab \em clauses},
  booktitle = {Teaching and Acquisition of South Asian Languages},
  editor = {Vijay Gambhir},
  address = {Philadelphia},
  publisher = {University of Pennsylvania Press},
  pages = {172--189},
  note = {Reprinted in Gair (1998), pp. 286--304},
  lgcode = {sin}
}

@ARTICLE{GairEtAl1989Sinhalaacquisition,
  author = {James W. Gair and Barbara Lust and Lelwala Sumangala and Milan Rodrigo},
  year = {1989},
  title = {Acquisition of Null Subjects and Control in Some Sinhala Adverbial
	Clauses},
  journal = {Papers and Reports on Child Language Development},
  volume = {28},
  pages = {97--106},
  note = {Reprinted in Gair (1998), pp. 271--285},
  lgcode = {sin}
}

@BOOK{GairEtAl1997,
  author = {James W. Gair and John C. Paolillo},
  year = {1997},
  title = {Sinhala},
  address = {M\"unchen},
  publisher = {LINCOM},
  lgcode = {sin}
}

@ARTICLE{GairEtAl1988argstr,
  author = {James W. Gair and John C. Paolillo},
  year = {1988},
  title = {Sinhala non-verbal sentences and argument structure},
  journal = {Cornell Working Papers in Linguistics},
  volume = {8},
  pages = {39-78},
  note = {Reprinted in Gair (1998), pp. 87--110},
  lgcode = {sin}
}

@ARTICLE{GairEtAl1981jaffnaverb,
  author = {James W. Gair and S. Suseendirarajah},
  year = {1981},
  title = {Aspects of the Jaffna Tamil Verbal System},
  journal = {International Journal of Dravidian Linguistics},
  volume = {10},
  number = {2},
  pages = {370--384},
  note = {Partially reprinted in Gair (1998) pp.170--181},
  lgcode = {sin},
  timestamp = {2007.01.19}
}

@BOOK{Garusinghe1962,
  author = {Dayaratne Garusinghe},
  year = {1962},
  title = {Sinhala, the Spoken Idiom},
  address = {M\"unchen},
  publisher = {Max Hueber},
  adress = {M\"unchen},
  lgcode = {sin}
}

@BOOK{Geiger1973,
  author = {Geiger, Wilhelm},
  editor = {Heinz Bechert},
  year = {1973},
  title = {Kleine Schriften zur Indologie und Buddhismuskunde},
  address = {Wiesbaden},
  publisher = {Steiner},
  volume = {6},
  series = {Glasenapp-Stiftung, Ver\"offentlichungen},
  lgcode = {sin}
}

@BOOK{Geiger1938,
  author = {Wilhelm Geiger},
  year = {1938},
  title = {A Grammar of the Sinhalese Language},
  address = {Colombo},
  publisher = {Royal Asiatic Society, Ceylon Branch},
  adress = {Colombo},
  lgcode = {sin}
}

@BOOK{Gunasekara1891,
  author = {D. Mendis Gunasekara},
  year = {1891},
  title = {A comprehensive Grammar of the Sinhalese Language},
  publisher = {Sri Lanka Sahitya Mandalaya},
  adress = {Colombo},
  lgcode = {sin}
}

@INCOLLECTION{Gunasinghe1985a,
  author = {Gunasinghe, H. and Kess, J. F.},
  year = {1985},
  title = {Preliminaries to the Re-analysis of the Sinhala passive},
  booktitle = {Southeast Asian Linguistic Studies Presented to Andre-G. Haudricourt},
  editor = {S. Ratanakul and D. Thomas and S. Premsrirat},
  address = {Bangkok},
  pages = {82-112},
  lgcode = {sin}
}

@INCOLLECTION{GunasingheEtAl1985,
  author = {Henamali Gunasinghe and Jospeh F. Kess},
  year = {1985},
  title = {Preliminaries to the Re-analysis of the Sinhala Passive},
  booktitle = {Southeast Asian Linguistic Studies presented to Andre-G. Haudricourt},
  editor = {Suriya Ratanakul and David Thomas and Suwilai Premsrirat},
  address = {Bangkok},
  publisher = {Mahidol University},
  pages = {82-112},
  lgcode = {sin},
  timestamp = {2006.06.19}
}

@PHDTHESIS{Gunasinghe,
  author = {Khema Hemamala Himaransi Gunasinghe},
  title = {Passive Voice: A New Perspective. Some Evidence for a Reanalysis
	from Sinhala},
  lgcode = {sin}
}

@MASTERSTHESIS{Gunasinghe1985,
  author = {Khema Hemamala Himaransi Gunasinghe},
  title = {"Do" and "Happen": The Ergative in Colloquial Sinhala, A Semantic
	Analysis},
  school = {University of Victoria},
  year = {1985},
  lgcode = {sin}
}

@PHDTHESIS{Henadeerage2002,
  author = {Kumara Henadeerage},
  title = {Topics in Sinhala Syntax},
  school = {Australian National University},
  year = {2002},
  lgcode = {sin},
  timestamp = {2009.04.13}
}

@UNPUBLISHED{Henadeerage1998,
  author = {Kumara Henadeerage},
  title = {Anaphoric Binding in Colloquial Sinhala},
  note = {Paper presented at LFG98},
  year = {1998},
  lgcode = {sin},
  timestamp = {2009.04.13}
}

@ARTICLE{Hettiaratchi1974,
  author = {D. E. Hettiaratchi},
  year = {1974},
  title = {History of the Sinhalese Verb},
  journal = {Journal of the Royal Asiatic Society, Ceylon Branch, N S.},
  volume = {xviii},
  pages = {41-53},
  lgcode = {sin}
}

@PHDTHESIS{Imman1993,
  author = {Michael V. Imman},
  title = {Semantics and Pragmatics of Colloquial Sinhala: From Old Indo-Aryan
	to the 14th Century AD.},
  school = {Cornell University},
  year = {1993},
  lgcode = {sin}
}

@BOOK{Jackson1990,
  author = {Kenneth David Jackson},
  year = {1990},
  title = {Sing Without Shame.. Oral Traditions in Indo-Portuguese Creole Verse,
	with Transcription and Analysis of a Nineteenth-century manuscript
	of Ceylon Portuguese},
  address = {Amsterdam},
  publisher = {John Benjamins},
  lgcode = {sin}
}

@BOOK{Jayawardena2004,
  author = {Jayawardena-Moser, Premalatha},
  year = {2004},
  title = {Grundwortschatz Singhalesisch - Deutsch},
  address = {Wiesbaden},
  publisher = {Harrassowitz},
  edition = {3},
  lgcode = {sin}
}

@BOOK{Jayawardena1996,
  author = {Premalatha Jayawardena-Moser},
  year = {1996},
  title = {Aufbauwortschatz Singhalesisch - Deutsch},
  address = {Wiesbaden},
  publisher = {Harrassowitz},
  edition = {3},
  lgcode = {sin}
}

@INCOLLECTION{Kandiah1996,
  author = {Thiru Kandiah},
  year = {1996},
  title = {Syntactic ``Deletion'' in Lankan English: Learning from a new variety
	of English about ---},
  booktitle = {South Asian English -- Structure, Use, and Users},
  editor = {Robert J. Baumgardner},
  address = {Delhi},
  publisher = {OUP},
  pages = {104--126},
  lgcode = {sin},
  timestamp = {2009.05.28}
}

@BOOK{Kariyakarawana1998,
  author = {S. M. Kariyakarawana},
  year = {1998},
  title = {The Syntax of Focus and WH-Questions in Sinhala},
  adress = {Colombo},
  lgcode = {sin}
}

@INCOLLECTION{Karunakaran1980,
  author = {K. Karunakaran},
  year = {1980},
  title = {Language Standardisation and Linguistic Convergence},
  booktitle = {Linguistic Convergence},
  address = {Annamalainagar},
  publisher = {All India Tamil Linguistics Association},
  lgcode = {sin}
}

@BOOK{Karunatillake2004,
  author = {Karunatillake, W. S.},
  year = {2004},
  title = {An Introduction to Spoken Sinhala},
  address = {Colombo},
  publisher = {Gunasena},
  edition = {3rd},
  lgcode = {sin}
}

@ARTICLE{Karunatillake1977,
  author = {W. S. Karunatillake},
  year = {1977},
  title = {The Position of Sinhala among the Indo-Aryan Languages},
  journal = {Indian Journal of Linguistics},
  volume = {4},
  pages = {1-6},
  lgcode = {sin}
}

@PHDTHESIS{Karunatillake1969,
  author = {W. S. Karunatillake},
  title = {Historical Phonology of Sinhalese from Old Indo-Aryan to the 14th
	century A.D.},
  school = {Cornell University},
  year = {1969},
  lgcode = {sin}
}

@ARTICLE{Krishnamurti1975,
  author = {Bh. Krishnamurti},
  year = {1975},
  title = {Language Varieties and Problems of Standardization of Indian Languages},
  journal = {Indian Linguistics},
  volume = {36},
  pages = {191-96},
  lgcode = {sin}
}

@PHDTHESIS{Letterman1997,
  author = {Rebecca Letterman},
  title = {The Effects of Word-Internal Prosody in Sinhala: A Constraint-Based
	Analysis},
  school = {Cornell University},
  year = {1997},
  lgcode = {sin}
}

@PHDTHESIS{MacDougall,
  author = {Bonnie G. MacDougall},
  title = {Diversity in Highland Sinhalese},
  school = {Cornell University},
  lgcode = {sin}
}

@PHDTHESIS{Masica1971,
  author = {Colin P. Masica},
  title = {A Study of the Distribution of Certain Syntactic and Semantic Features
	in Relation to the Definability of an Indian Linguistic Area},
  school = {University of Chicago},
  year = {1971},
  lgcode = {sin}
}

@BOOK{Matzel1983,
  author = {Klaus Matzel},
  year = {1983},
  title = {Einf\"uhrung in die singhalesische Sprache},
  address = {Wiesbaden},
  publisher = {Harrassowitz},
  edition = {2nd},
  lgcode = {sin}
}

@BOOK{Muthumuni1981,
  author = {Kingsley Muthumuni},
  year = {1981},
  title = {A History of Sri Lanka},
  publisher = {Hurst},
  adress = {London},
  lgcode = {sin}
}

@ARTICLE{Paolillo2000,
  author = {J. Paolillo},
  year = {2000},
  title = {Formalizing formality: An analysis of register variation in Sinhala},
  journal = {Linguistics},
  volume = {36},
  pages = {215-259},
  lgcode = {sin}
}

@ARTICLE{Paolillo1997,
  author = {John C. Paolillo},
  year = {1997},
  title = {Sinhala diglossic variation: continuous or discrete},
  journal = {Language in Society},
  volume = {26},
  number = {2},
  pages = {269-296},
  lgcode = {sin}
}

@PHDTHESIS{Paolillo1992,
  author = {John C. Paolillo},
  title = {Functional Articulation in Diglossia: a Case Study of Grammatical
	and Social Correspondences in Sinhala},
  school = {Stanford University},
  year = {1992},
  lgcode = {sin}
}

@ARTICLE{Paolillo1991,
  author = {John C. Paolillo},
  year = {1991},
  title = {Sinhala diglossia and the theory of Government and Binding},
  journal = {Southwest Journal of Linguistics},
  volume = {10},
  number = {1},
  pages = {41-59},
  lgcode = {sin}
}

@MASTERSTHESIS{Perera1976,
  author = {Heloise Marie Charmaigne Perera},
  title = {Adjective-Substantive Relationships in Sinhala},
  school = {Cornell University},
  year = {1976},
  lgcode = {sin}
}

@ARTICLE{Prakasar1937,
  author = {Gnana Prakasar},
  year = {1937},
  journal = {Anthropos},
  volume = {XXXII},
  pages = {155-},
  lgcode = {sin}
}

@BOOK{Rask1821,
  author = {Rask, B.},
  year = {1821},
  title = {Singalesisk Skriftl\ae re},
  address = {Kolombo},
  lgcode = {sin},
  timestamp = {2011.08.05}
}

@PHDTHESIS{Ratnajoti1975,
  author = {Hundirapola Ratnajoti},
  title = {The Syntactic Structure of Sinhalese and Its Relation to That of
	the Other Indo-Aryan Dialects},
  school = {University of Texas},
  year = {1975},
  lgcode = {sin}
}

@BOOK{Reynolds1995,
  author = {C. H. B. Reynolds},
  year = {1995},
  title = {Sinhalese: An Introductory Course},
  address = {London},
  publisher = {SOAS},
  edition = {2},
  adress = {London},
  lgcode = {sin}
}

@BOOK{Sannasgala1976,
  author = {P.B. Sannasgala},
  year = {1976},
  title = {A study of Sinhala vocables of Dutch origin},
  address = {Colombo},
  publisher = {The Netherlands-Alumni Association of Sri Lanka},
  lgcode = {sin},
  timestamp = {2009.04.22}
}

@PHDTHESIS{DeSilva1961,
  author = {M. H. P. Silva},
  title = {Influence of Dravidian on Sinhalese},
  school = {University of Oxford},
  year = {1961},
  lgcode = {sin}
}

@ARTICLE{Smith1979,
  author = {Ian Smith},
  year = {1979},
  title = {Convergence in South Asia: A Creole example},
  journal = {Lingua},
  volume = {48},
  pages = {193-222},
  lgcode = {sin}
}

@ARTICLE{Smith1977,
  author = {Ian Smith},
  year = {1977},
  title = {Sri Lanka Creole Portuguese Phonology},
  journal = {International Journal of Dravidian Linguistics},
  volume = {7},
  pages = {248-406},
  lgcode = {sin}
}

@PHDTHESIS{Sumangala,
  author = {Lelwala Sumangala},
  title = {Long Distance Dependencies in Sinhala: the Syntax of Focus and WH-Questions},
  school = {Cornell University},
  lgcode = {sin}
}

@ARTICLE{Thananjayarajasingham1962,
  author = {S. Thananjayarajasingham},
  year = {1962},
  title = {Some Phonological Features of the Jaffna Dialect of Tamil},
  journal = {University of Ceylon Review},
  volume = {20},
  number = {2},
  pages = {292-302},
  lgcode = {sin}
}

@PHDTHESIS{Weerakon1988,
  author = {Hema Weerakon},
  title = {Nominalization in Sinhala},
  school = {University of Kelaniya},
  year = {1988},
  lgcode = {sin}
}

@ARTICLE{Wexler1971,
  author = {Paul Wexler},
  year = {1971},
  title = {Diglossia, Language Standardization and Purism: Parameters for a
	Typology of Literary Languages},
  journal = {Lingua},
  volume = {27},
  pages = {330-354},
  lgcode = {sin}
}

@PHDTHESIS{Write,
  author = {K. N. O. Write},
  lgcode = {sin}
}

@BOOK{AcsonEtAl1985,
  editor = {Veneeta Z. Acson and Richard L. Leed},
  year = {1985},
  title = {Festschrift for Gordon H. Fairbanks},
  lgcode = {sin}
}

@BOOK{KrishnamurtiEtAlEd1985,
  editor = {Bh. Krishnamurti and Colin P. Masica and Anjani Sinha},
  year = {1985},
  title = {South Asian Languages: Structure, Convergence and Diglossia},
  address = {Delhi},
  publisher = {Motilal Banarsidass},
  lgcode = {sin},
  timestamp = {2009.06.28}
}

@BOOK{Subramoniam1973,
  editor = {V. I. Subramoniam},
  year = {1973},
  title = {Seminar on Dialectology},
  adress = {Trivandrum},
  lgcode = {sin}
}

@BOOK{Verma1976,
  editor = {Manindra Verma},
  year = {1976},
  title = {The Subject in South Asian Languages},
  address = {Madison},
  publisher = {University of Wisconsin South Asia Program},
  adress = {Madison},
  lgcode = {sin}
}

@BOOK{ZamoraEtAl1971,
  editor = {M. D. Zamora and J. M. Maher and H. Orenstein},
  year = {1971},
  title = {Themes in Culture, Essays in Honor of Morris E. Oppler},
  adress = {Quezon City},
  lgcode = {sin}
}

