% This file was created with JabRef 2.7b.
% Encoding: UTF-8

@MASTERSTHESIS{Bandara2011ba,
  author = {Bandara, Achinthya},
  title = {Sri Lanka Portuguese Creole: A Sociophonological study},
  school = {University of Colombo},
  year = {2011},
  note = {written in Sinhala},
  lgcode = {[idb]},
  timestamp = {2011.08.03}
}

@UNPUBLISHED{Bandara2011ms,
  author = {Bandara, Achinthya},
  title = {Behavioural Changes in Sri Lanka Portuguese},
  note = {Manuscript, University of Colombo},
  year = {2011},
  lgcode = {[idb]},
  timestamp = {2011.09.13}
}

@BOOK{Bertolacci1817,
  author = {Bertolacci, A.},
  year = {1817},
  title = {A view of the agricultural, commercial and financial interests of
	Ceylon},
  address = {London},
  publisher = {Black, Parbury and Allen},
  lgcode = {[idb]},
  timestamp = {2011.08.09}
}

@BOOK{Callaway1820,
  author = {John Callaway},
  year = {1820},
  title = {Vocabulary, in the Ceylon Portuguese, and English languages, with
	a series of Familiar Phrases},
  address = {Colombo},
  publisher = {Wesleyan MIssion Press},
  lgcode = {[idb]},
  timestamp = {2011.07.11}
}

@BOOK{Callaway1818,
  author = {Callaway, John},
  year = {1818},
  title = {Vocabulary with useful phrases and familiar dialogues; in the English,
	Portuguese, and Cingalese languages},
  address = {Wesleyan Mission Press},
  publisher = {Colombo},
  lgcode = {[idb]},
  timestamp = {2011.08.09}
}

@INCOLLECTION{Cardoso2006challenges,
  author = {Cardoso, Hugo},
  year = {2006},
  title = {Challenges to Indo-Portuguese across India},
  booktitle = {Proceedings of the FEL X},
  editor = {Elangayan, R. and McKenna Brown, R. and Ostler, M. D. M. and Mahendra,
	K. V.},
  pages = {23-30},
  lgcode = {[idb]},
  timestamp = {2011.09.13}
}

@ARTICLE{Cardoso2010,
  author = {Cardoso, Hugo},
  year = {2010},
  title = {The African slave population of Portuguese India},
  journal = {Journal of Pidgin and Creole Languages},
  volume = {25},
  pages = {95-119},
  number = {1},
  lgcode = {[idb]},
  timestamp = {2011.07.11}
}

@BOOK{Cardoso2009,
  author = {Cardoso, Hugo},
  year = {2009},
  title = {The Indo-Portuguese Language of Diu},
  address = {Utrecht},
  publisher = {LOT},
  lgcode = {[idb]},
  timestamp = {2011.09.13}
}

@BOOK{Clements1996,
  author = {J. Clancy Clements},
  year = {1996},
  title = {The Genesis of a Language -- The formation and development of Korlai
	Portuguese},
  address = {Amsterdam},
  publisher = {John Benjamins},
  lgcode = {[idb]},
  timestamp = {2011.08.09}
}

@ARTICLE{ClementsEtAl2002,
  author = {Clements, J. C. and Koontz-Garboden, Andrew J.},
  year = {2002},
  title = {Two Indo-Portuguese Creoles in contrast},
  journal = {Journal of Pidgin and Creole Languages},
  volume = {17},
  issue = {2},
  pages = {191-236},
  lgcode = {[idb]},
  timestamp = {2011.08.09}
}

@BOOK{Dalgado1919,
  author = {Dalgado, Sebasti\~ao Rodolpho},
  year = {1919},
  title = {Glossario Luso-Asi\'atico},
  address = {Coimbra},
  publisher = {Imprensa da Universidade},
  lgcode = {[idb]},
  timestamp = {2011.08.09}
}

@ARTICLE{Dalgado1917,
  author = {Dalgado, S. a. R.},
  year = {1917},
  title = {Dialecto Indo-Portugu\^es de Nagapat\~ao},
  journal = {Revista Lusitana},
  volume = {20},
  pages = {40-53},
  lgcode = {[idb]},
  timestamp = {2011.09.13}
}

@BOOK{Dalgado1900,
  author = {Dalgado, Sebasti\~ao Rodolpho},
  year = {1900},
  title = {Dialecto Indo-Português de Ceyl\~ao},
  address = {Lisbon},
  publisher = {Imprensa Nacional},
  lgcode = {[idb]},
  timestamp = {2011.08.09}
}

@INCOLLECTION{Jayasuriya2003diaspora,
  author = {De Silva Jayasuriya, Shihan},
  year = {2003},
  title = {The African diaspora in Sri Lanka},
  booktitle = {The African diaspora in the Indian Ocean},
  editor = {De Silva Jayasuriya, Shihan and Pankhurst, R.},
  address = {Lawrenceville},
  publisher = {Africa World
	
	Press},
  pages = {251-288},
  lgcode = {[idb]},
  timestamp = {2011.08.09}
}

@INCOLLECTION{Jayasuriya2005musique,
  author = {De Silva Jayasuriya, Shihan},
  year = {2005},
  title = {La musique cr\'eole Portugaise du Sri Lanka},
  booktitle = {M\'etissages culturels et cr\'eativit\'e},
  editor = {De Villanova, R. and Verm\`es, G},
  address = {Paris},
  publisher = {L’Harmattan},
  lgcode = {[idb]},
  timestamp = {2011.08.09}
}

@ARTICLE{Jayasuriya2006afro,
  author = {De Silva Jayasuriya, Shihan},
  year = {2006},
  title = {Les Afro-Sri Lankais: liens et racines},
  journal = {Cahiers des Anneaux de la M\'emoire},
  volume = {9},
  lgcode = {[idb]},
  timestamp = {2011.08.09}
}

@ARTICLE{Jayasuriya2006thalassique,
  author = {De Silva Jayasuriya, Shihan},
  year = {2006},
  title = {Un r\'eseau thalassique d’\'echanges : les migrations africaines
	dans l’oc\'an Indien},
  journal = {Revue internationale des sciences sociales},
  volume = {188},
  issue = {2},
  pages = {231-240},
  lgcode = {[idb]},
  timestamp = {2011.08.09}
}

@BOOK{DeSilvaJayasuriya2001anthology,
  author = {De Silva Jayasuriya, Shihan},
  year = {2001},
  title = {An anthology of Indo-Portuguese verse},
  address = {Ceredigion},
  publisher = {Edwin Mellen Press},
  lgcode = {[idb]},
  timestamp = {2011.09.13}
}

@BOOK{Jayasuriya2001anthology,
  author = {De Silva Jayasuriya, Shihan},
  year = {2001},
  title = {An anthology of Indo-Portuguese verse.},
  address = {Ceredigion},
  publisher = {Edwin Mellen Press.},
  lgcode = {[idb]},
  timestamp = {2011.08.09}
}

@ARTICLE{Jayasuriya2001cafres,
  author = {De Silva Jayasuriya, Shihan},
  year = {2001},
  title = {Les cafres de Ceylan: le cha\^inon portugais},
  journal = {Cahiers des Anneaux de la M\'emoire},
  volume = {3},
  pages = {229-253},
  lgcode = {[idb]},
  timestamp = {2011.08.09}
}

@BOOK{Jayasuriya2001contact,
  author = {De Silva Jayasuriya, Shihan},
  year = {2001},
  title = {Indo-Portuguese of Ceylon: A Contact Language},
  address = {London},
  publisher = {Athena Publications},
  lgcode = {[idb]},
  timestamp = {2011.09.14}
}

@BOOK{Jayasuriya2001tagus,
  author = {De Silva Jayasuriya, Shihan},
  year = {2001},
  title = {Tagus to Taprobane: Portuguese impact on the socio-culture of Sri
	Lanka from 1505 AD},
  address = {Dehiwela},
  publisher = {Tisara Publishers},
  lgcode = {[idb]},
  timestamp = {2011.08.09}
}

@ARTICLE{Jayasuriya2000imprint,
  author = {De Silva Jayasuriya, Shihan},
  year = {2000},
  title = {Portuguese cultural imprint on Sri Lanka},
  journal = {Lusotopie},
  pages = {253-259},
  lgcode = {[idb]},
  timestamp = {2011.08.09}
}

@ARTICLE{DeSilvaJayasuriya1999substratum,
  author = {De Silva Jayasuriya, Shihan},
  year = {1999},
  title = {Portuguese in Sri Lanka: Influence of substratum languages},
  journal = {Journal of the Royal Asiatic Society},
  volume = {3},
  issue = {9},
  pages = {251-270},
  lgcode = {[idb]},
  timestamp = {2011.09.13}
}

@ARTICLE{Jayasuriya1999substratum,
  author = {De Silva Jayasuriya, Shihan},
  year = {1999},
  title = {Portuguese in Sri Lanka: Influence of substratum languages},
  journal = {Journal of the Royal Asiatic Society},
  volume = {3},
  pages = {251-270},
  number = {9},
  lgcode = {[idb]},
  timestamp = {2011.09.14}
}

@ARTICLE{Jayasuriya2002encounter,
  author = {De Silva Jayasuriya, Shihan (2002)},
  year = {2002},
  title = {The Portuguese encounter with Sri Lanka: a musical interface},
  journal = {Episteme},
  volume = {IV},
  pages = {183-202},
  lgcode = {[idb]},
  timestamp = {2011.09.13}
}

@INCOLLECTION{JayasuriyaEtAlEd2003,
  author = {De Silva Jayasuriya, Shihan and Pankhurst, Richard},
  year = {2003},
  title = {On the African Diaspora in the Indian Ocean region},
  booktitle = {The African diaspora in the Indian Ocean},
  address = {Lawrenceville},
  publisher = {Africa World},
  pages = {7-18},
  lgcode = {[idb]},
  timestamp = {2011.08.09}
}

@ARTICLE{JayasuriyaEtAl1998,
  author = {De Silva Jayasuriya, S and Wijetunge, R},
  year = {1998},
  title = {Portuguese Borrowings in Sinhala},
  journal = {Journal of the Royal Asiatic Society Sri Lanka},
  volume = {XLIII},
  pages = {1-12},
  lgcode = {[idb]},
  timestamp = {2011.09.13}
}

@BOOK{FMNAN2000,
  author = {FMNAN},
  year = {2000},
  title = {Portugu\^es de Batticaloa -- Batticaloa su Portugu\^es},
  address = {Lisbon},
  publisher = {Movimento de Solidariedade Lus\'ofona},
  lgcode = {[idb]},
  timestamp = {2011.06.27}
}

@ARTICLE{Goonatilleka1970,
  author = {Goonatilleka, M. H.},
  year = {1970},
  title = {Ceil\~ao e Portugal -- Rela\c{c}\~oes Culturais},
  journal = {STVDIA},
  volume = {30/31},
  pages = {113-162},
  lgcode = {[idb]},
  timestamp = {2011.06.24}
}

@ARTICLE{Goonetilleke1892,
  author = {William Goonetilleke},
  year = {1892},
  title = {The Ceylon Portuguese `Diski'},
  journal = {Orientalist},
  volume = {4},
  pages = {89-90},
  number = {6},
  lgcode = {[idb]},
  timestamp = {2011.08.03}
}

@INCOLLECTION{Hettiaratchi1969,
  author = {Hettiaratchi, D. E.},
  year = {1969},
  title = {Linguistics in Ceylon},
  booktitle = {Current Trends in Linguistics},
  editor = {Sebeok, Thomas A.},
  address = {The Hague, Paris},
  publisher = {Mouton},
  pages = {736-751},
  lgcode = {[idb]},
  timestamp = {2011.08.03}
}

@ARTICLE{Hume2002labial,
  author = {Hume, Elizabeth and Tserdanelis, Georgios},
  year = {2002},
  title = {Labial Unmarkedness in Sri Lankan Portuguese Creole},
  journal = {Phonology},
  volume = {19},
  pages = {441-458},
  lgcode = {[idb]},
  timestamp = {2011.07.11}
}

@ARTICLE{HumeEtAl2002,
  author = {Elizabeth Hume and Georgios Tserdanelis},
  year = {2002},
  title = {Labial Unmarkedness in Sri Lankan Portuguese Creole},
  journal = {Phonology},
  volume = {19},
  pages = {441-458},
  number = {3},
  lgcode = {[idb]},
  timestamp = {2011.08.03}
}

@INCOLLECTION{Jackson2007,
  author = {Jackson, K. D.},
  year = {2007},
  title = {Singelle Nona: A Traveling Burgher Muse},
  booktitle = {Re-exploring the Links: History and Constructed Histories between
	Portugal and Sri Lanka},
  editor = {Jorge Flores},
  address = {Wiesbaden},
  publisher = {Harrassowitz},
  pages = {299-323},
  lgcode = {[idb]},
  timestamp = {2011.08.09}
}

@INCOLLECTION{Jackson1979,
  author = {Jackson, Kenneth David},
  year = {1979},
  title = {Ballad fragments in the Portuguese folklore of Sri Lanka},
  booktitle = {El romancero hoy: nuevas fronteras/The Hispanic ballad today: new
	frontiers},
  editor = {Sanchez, Romeralo Antonio and Diego Catalan and Samuel G. Armistead},
  address = {Madrid},
  publisher = {Gredos},
  pages = {135-143},
  lgcode = {[idb]},
  timestamp = {2011.08.09}
}

@INCOLLECTION{Jackson2010,
  author = {Jackson, Kenneth David},
  year = {2010},
  title = {Flying with the Papagaio Verde (Green Parrot): An Indo-Portuguese
	Folk Motif in South and Southeast Asia.},
  booktitle = {Acts of the conference ``Luso-Asian Legacy'' (Institute of Southeast
	Asian Studies, NUS)},
  address = {Singapore},
  lgcode = {[idb]},
  timestamp = {2011.09.14}
}

@BOOK{Jackson2005,
  author = {Jackson, K. D.},
  year = {2005},
  title = {De Chaul a Batticaloa: As marcas do império marítimo português na
	Índia e no Sri Lanka},
  address = {Ericeira},
  publisher = {Mar de Letras},
  lgcode = {[idb]},
  timestamp = {2011.08.09}
}

@MISC{Jackson1998,
  author = {Jackson, K. D.},
  title = {A Viagem dos Sons/The Journey of Sounds},
  howpublished = {Compact disks with bilingual books},
  year = {1998},
  lgcode = {[idb]},
  timestamp = {2011.08.09}
}

@ARTICLE{Jackson1975,
  author = {Jackson, Kenneth David.},
  year = {1975},
  title = {Bela infanta of Sri Lanka: ballad fragments in Portuguese creole
	communities},
  journal = {Journal of the Sri Lanka Branch of the Royal Asiatic Society (new
	series)},
  volume = {19},
  pages = {17-25},
  lgcode = {[idb]},
  timestamp = {2011.08.09}
}

@ARTICLE{KoontzGarboden2000,
  author = {Andrew J. Koontz-Garboden},
  year = {2000},
  title = {On the origins of the Indo-Portuguese Creoles: a phonological comparison
	of Batticaloa Creole Portuguese and Korlai Creole Portuguese},
  journal = {IUWPL},
  volume = {2},
  pages = {1-11},
  lgcode = {[idb]},
  timestamp = {2011.07.11}
}

@INCOLLECTION{McGilvray2007,
  author = {McGilvray, Dennis},
  year = {2007},
  title = {The Portuguese Burghers of Eastern Sri Lanka in the Wake of Civil
	War and Tsunami},
  booktitle = {Re-exploring the Links: History and Constructed Histories between
	Portugal and Sri Lanka},
  editor = {Jorge Flores},
  address = {Wiesbaden},
  publisher = {Harrassowitz Verlag},
  pages = {325-347},
  volume = {18},
  series = {Maritime Asia},
  lgcode = {[idb]},
  timestamp = {2011.09.14}
}

@BOOK{McGilvray2008,
  author = {McGilvray, Dennis},
  year = {2008},
  title = {Crucible of Conflict: Tamil and Muslim Society on the East Coast
	of Sri Lanka},
  address = {Durham},
  publisher = {Duke University Press},
  lgcode = {[idb]},
  timestamp = {2011.09.14}
}

@ARTICLE{McGilvray1982,
  author = {Dennis B. McGilvray},
  year = {1982},
  title = {Dutch Burghers and Portuguese Mechanics: Eurasian Ethnicity in Sri
	Lanka},
  journal = {Comparative Studies in Society and History},
  volume = {24},
  pages = {235-263},
  number = {2},
  lgcode = {[idb]},
  timestamp = {2011.08.03}
}

@PHDTHESIS{DeMel2006,
  author = {de Mel, Vasana Kelum},
  title = {Music as Symbol, Music as Emissary: A Study of the Kalypso and the
	Baila of Sri Lanka},
  school = {University of California},
  year = {2006},
  lgcode = {[idb]},
  timestamp = {2011.09.13}
}

@UNPUBLISHED{Ragel1984,
  author = {Ragel, F. R.},
  title = {The Portuguese Burghers of Batticaloa},
  note = {Paper prepared for the workshop on the cultural minorities of Sri
	Lanka [13th October 1984]},
  year = {1984},
  lgcode = {[idb]},
  timestamp = {2011.06.27}
}

@INCOLLECTION{Smithforthcomingapics,
  author = {Smith, Ian},
  year = {forthcoming},
  title = {Sri Lanka Portuguese},
  booktitle = {The Atlas of Pidgin and Creole Language structures},
  editor = {Susanne Michaelis and Philippe Maurer and Martin Haspelmath and Magnus
	Huber},
  address = {Oxford},
  publisher = {OUP},
  lgcode = {[idb]},
  timestamp = {2011.09.14}
}

@INCOLLECTION{Smith1985development,
  author = {Smith, Ian},
  year = {1985},
  title = {The development of morphosyntax in Sri Lanka Portuguese},
  booktitle = {Papers from the York Creole Conference, September 24-27, 1983},
  editor = {M. Sebba and L. Todd},
  pages = {291-301},
  lgcode = {[idb]},
  timestamp = {2011.08.09}
}

@ARTICLE{Smithsubmittedjpcl,
  author = {Smith, Ian},
  year = {submitted},
  title = {Diglossia in Sri Lanka Portuguese: the role of Anglophone missionaries},
  journal = {Journal of Pidgin and Creole Languages},
  lgcode = {[idb]},
  timestamp = {2011.09.14}
}

@ARTICLE{Smith1979convergence,
  author = {Ian Smith},
  year = {1979},
  title = {Convergence in Sri Lanka: A Creole Example},
  journal = {Lingua},
  volume = {48},
  pages = {193-222},
  lgcode = {[idb]},
  timestamp = {2011.07.11}
}

@INCOLLECTION{Smith1998introducao,
  author = {Smith, Ian R.},
  year = {1998},
  title = {Introdu\c{c}\~ao},
  booktitle = {Dialecto Indo-Portugu\^es de Ceyl\~ao},
  address = {Lisbon},
  publisher = {Comiss\~ao Nacional para as Comemora\c{c}\~oes dos Descobrimentos
	Portugu\^eses.},
  pages = {11-37},
  lgcode = {[idb]},
  timestamp = {2011.08.09}
}

@BOOK{Smith1979substrata,
  author = {Smith, Ian R.},
  year = {1979},
  title = {Substrata vs. universals in the formation of Sri Lanka Portuguese.},
  address = {Canberra},
  publisher = {Pacific Linguistics.},
  volume = {2},
  journal = {Papers in Pidgin and Creole Linguistics, No. 2. Canberra: Pacific
	Linguistics.},
  lgcode = {[idb]},
  timestamp = {2011.08.09}
}

@PHDTHESIS{Smith1977,
  author = {Smith, Ian R.},
  title = {Sri Lanka Creole Portuguese phonology},
  school = {Cornell University},
  year = {1977},
  lgcode = {[idb]},
  timestamp = {2011.08.09}
}

@BOOK{Tomas1992crioulos,
  author = {Maria Isabel Tom\'as},
  year = {1992},
  title = {Os Crioulos Portugueses do Oriente},
  address = {Macau},
  publisher = {Instituto Cultural de Macau},
  lgcode = {[idb]},
  timestamp = {2011.08.03}
}

@comment{jabref-meta: selector_publisher:}

@comment{jabref-meta: selector_author:}

@comment{jabref-meta: selector_journal:}

@comment{jabref-meta: selector_keywords:}

