% This file was created with JabRef 2.5.
% Encoding: UTF-8

@BOOK{Bertolacci1817,
  author = {Bertolacci, A.},
  year = {1817},
  title = {A view of the agricultural, commercial and financial interests of
	Ceylon},
  address = {London},
  publisher = {Black, Parbury and Allen},
  owner = {snordhoff},
  timestamp = {2011.09.13}
}

@BOOK{Hussein2009,
  author = {Asiff Hussein},
  year = {2009},
  title = {Zeylanica},
  address = {Colombo},
  publisher = {Stamford Lake Publishers},
  owner = {snordhoff},
  timestamp = {2011.09.14}
}

@BOOK{,
  author = {Knox, R. 1681},
  year = {1817[1681]},
  title = {A historical relation of the Island Ceylon},
  owner = {snordhoff},
  timestamp = {2011.08.09}
}

@BOOK{Rajasingham2001,
  author = {Rajasingham, Darini},
  year = {2001},
  title = {Identity on the Borderline: Multicultural History in a Moment of
	Danger},
  address = {Colombo},
  publisher = {Marga Institute},
  owner = {snordhoff},
  timestamp = {2011.09.14}
}

@INCOLLECTION{Sheeran2002,
  author = {Sheeran, Anne},
  year = {2002},
  title = {Baila Music: European Modernity and Afro-Iberian Popular Music in
	Sri Lanka},
  booktitle = {The Hybrid Island: Culture Crossings and the Invention of Identity
	in Sri Lanka},
  editor = {Neluka Silva},
  address = {London},
  publisher = {Zed Book},
  owner = {snordhoff},
  timestamp = {2011.09.14}
}

@PHDTHESIS{Sheeran1997,
  author = {Sheeran, Anne},
  title = {White Noise: European Modernity, Sinhala Musical Nationalism, and
	The Practice of a Creole Popular Music in Modern Sri Lanka},
  school = {University of Washington},
  year = {1997},
  owner = {snordhoff},
  timestamp = {2011.09.14}
}

@BOOK{Silva2002Hybrid,
  editor = {Silva, Neluka},
  year = {2002},
  title = {The Hybrid Island: Culture Crossings and the Invention of Identity
	in Sri Lanka},
  address = {London},
  publisher = {Zed Books},
  owner = {snordhoff},
  timestamp = {2011.09.14}
}

@comment{jabref-meta: selector_publisher:}

@comment{jabref-meta: selector_author:}

@comment{jabref-meta: selector_journal:}

@comment{jabref-meta: selector_keywords:}

