% This file was created with JabRef 2.9b2.
% Encoding: Cp1252

@ARTICLE{Amritavalli1984,
  author = {K. Amritavalli},
  year = {1984},
  title = {Anaphorization in Dravidian},
  journal = {Central Insitute for English and Foreign Languages Working Paper},
  volume = {1},
  pages = {1-31},
  lgcode = {[tam]}
}

@INCOLLECTION{Annamalai1976,
  author = {E. Annamalai},
  year = {1976},
  title = {Standard Spoken Tamil - Some Observations},
  booktitle = {Studies in Dialectology},
  editor = {???},
  address = {Trivandrum},
  volume = {1},
  number = {2},
  lgcode = {[tam]},
  yeartitle = {1976}
}

@INCOLLECTION{AnnamalaiEtAl1998,
  author = {E. Annamalai and Sanford B. Steever},
  year = {1998},
  title = {Modern Tamil},
  booktitle = {The Dravidian Languages},
  editor = {Sanford B. Steever},
  address = {London},
  publisher = {Routledge},
  pages = {100--128},
  lgcode = {[tam]},
  timestamp = {2009.01.21}
}

@PHDTHESIS{Jaffna,
  author = {Anonymous},
  title = {tami{\tamzh} akaraatiyil (Tamil Lexicon) u{\lz}{\lz}a ya{\tamzh}ppa{\nz}ac
	co{\R}ka{\lz}in aayli},
  school = {ilangkaip palk laikka{\tamzh}a kattu vittiyalangkaara va{\lz}aakattil
	mo{\tamzh}iyavil},
  year = {n.d.},
  note = {ki{\R}appuk ka{\lz}aiooa{\tz}{\tz}atti{\R} ku?ya oa{\tz}angka{\lz}u{\lz}
	on{\nz}uka iv aaylukka{\tz}{\tz}irai camarppikkappa{\tz}{\tz}i{\lz}{\lz}atu
	cu{\tz}{\tz}ilakkam ilankaip palk laik ka{\tamzh}ikam vittiyakangkaara
	va{\lz}aakam},
  lgcode = {[tam]}
}

@PHDTHESIS{Trincomalee,
  author = {Anonymous},
  title = {tirukoo{\nz}ama{\lz}ai ki{\lz}aimo{\tamzh}i},
  year = {1978},
  note = {mo{\tamzh}iyiyalla ci?ppukkalaippa{\tz}{\tz}atti{\R}ku toortiterutta
	paa{\tz}angka?{\lz} o??ka ikka{\tz}{\tz}irai cayarppikkappa{\tz}{\tz}innata
	celvi civkaengkai kattaiyaa},
  lgcode = {[tam]}
}

@BOOK{Arden1934,
  author = {A. H. Arden},
  year = {1934},
  title = {A progressive grammar of common Tamil},
  publisher = {Christian Literature Society},
  edition = {4},
  note = {1st edn. 1891},
  lgcode = {[tam]},
  timestamp = {2007.03.05}
}

@BOOK{Arokianathan1981,
  author = {S. Arokianathan},
  year = {1981},
  title = {Tamil clitics},
  address = {Trivandrum},
  publisher = {Dravidian Linguistics Association},
  lgcode = {[tam]},
  timestamp = {2007.03.05}
}

@BOOK{Asher1985,
  author = {Ronald E. Asher},
  year = {1985},
  title = {Tamil},
  address = {Beckenham},
  publisher = {Croom Helm},
  lgcode = {[tam]},
  timestamp = {2009.04.24}
}

@BOOK{Asher1982,
  author = {Ronald E Asher},
  year = {1982},
  title = {Tamil},
  address = {Amsterdam},
  publisher = {North-Holland Publishing Company},
  lgcode = {[tam]},
  timestamp = {2009.04.24}
}

@BOOK{AsherEtAl2002,
  author = {R. E. Asher and E. Annamalai},
  year = {2002},
  title = {Colloquial Tamil - The complete course for beginners},
  address = {London, New York},
  publisher = {Routledge},
  lgcode = {[tam]}
}

@ARTICLE{Balasubramanian1980,
  author = {T. Balasubramanian},
  year = {1980},
  title = {Timing in Tamil},
  journal = {Journal of Phonetics},
  volume = {8},
  pages = {449--467},
  lgcode = {[tam]},
  timestamp = {2007.03.05}
}

@BOOK{Beythan1943,
  author = {Hermann Beythan},
  year = {1943},
  title = {Praktische Grammatik der Tamilsprache},
  address = {Wiesbaden},
  publisher = {Harrassowitz},
  lgcode = {[tam]},
  timestamp = {2009.01.05}
}

@ARTICLE{Bonta2010,
  author = {Steven Bonta},
  year = {2010},
  title = {Negombo Fishermen's Tamil: A Case of Indo-Aryan Contact-Induced Change
	in a Dravidian Dialect},
  journal = {Anthropological Linguistics},
  volume = {52},
  number = {3-4},
  pages = {310-343},
  owner = {snordhoff},
  quality = {1},
  timestamp = {2013.07.29}
}

@ARTICLE{Bonta2008,
  author = {Steven Bonta},
  year = {2008},
  title = {Negombo Fishermen's Tamil (NFT): A Sinhala Influenced Dialect from
	a Bilingual Sri Lankan Community},
  journal = {International Journal of Dravidian Linguistics},
  volume = {XXXVII},
  number = {2},
  pages = {133--140},
  lgcode = {[tam]},
  timestamp = {2009.04.24}
}

@PHDTHESIS{Bonta2004,
  author = {Steven Bonta},
  title = {Negombo Fisherman's Tamil: A Case of Contact-Induced Language Changefrom
	Sri Lanka},
  school = {Cornell University},
  year = {2004},
  lgcode = {[tam]},
  timestamp = {2009.04.24}
}

@PHDTHESIS{Steven2004,
  author = {Steven Bonta},
  title = {Negombo Fisherman's Tamil: A Case of Contact-Induced Language Change
	from Sri Lanka},
  school = {Cornell University},
  year = {2004},
  lgcode = {[tam]},
  timestamp = {2009.04.24}
}

@ARTICLE{Bright1966,
  author = {William Bright},
  year = {1966},
  title = {Dravidian Metaphony},
  journal = {Language},
  volume = {42},
  number = {2},
  pages = {311-322},
  lgcode = {[tam]}
}

@ARTICLE{GairEtAl1998,
  author = {James W. Gair and S. Suseendirarajah},
  year = {1998 [1981]},
  title = {Some Aspects of the Jaffna Verbal System},
  note = {reprinted in Gair (1998)},
  lgcode = {[tam]}
}

@BOOK{GairEtAl2005spokenTamil,
  author = {James W. Gair and W. Suseendirarajah and W. S. Karunatillake},
  year = {2005},
  title = {An introduction to spoken Tamil},
  address = {Colombo},
  publisher = {Godage and Brothers},
  lgcode = {[tam]},
  timestamp = {2009.05.15}
}

@BOOK{GairEtAl1979textbook,
  author = {James W. Gair and W. Suseendirarajah and W. S. Karunatillake},
  year = {1979},
  title = {Spoken [Sri Lanka Jaffna] Tamil},
  address = {s.l.},
  publisher = {University of Sri Lanka Press},
  lgcode = {[tam]},
  timestamp = {2009.05.15}
}

@BOOK{Gnanasundaram1980,
  author = {V. Gnanasundaram},
  editor = {S. Agesthaialingom and K. Karunakaran},
  year = {1980},
  title = {Standars Spoken Tamil - What and How?},
  publisher = {Annamalai University},
  adress = {Annamalainagar},
  lgcode = {[tam]}
}

@BOOK{Kandiah1971,
  author = {Kandiah, Thiru},
  year = {1971},
  title = {The Emergence of Standard Ceylon Tamil: Issues and Perspectives},
  address = {Peradeniya},
  publisher = {University of Peradeniya},
  volume = {1},
  series = {Tamil and South Indian Studies},
  lgcode = {[tam]},
  timestamp = {2011.06.27}
}

@PHDTHESIS{Keane2001,
  author = {Elinor Keane},
  title = {Echo words in Tamil},
  school = {Merton College, Oxford},
  year = {2001},
  lgcode = {[tam]},
  timestamp = {2007.03.05}
}

@ARTICLE{Kuiper1962,
  author = {Kuiper, F. B. J.},
  year = {1962},
  title = {Notes on Old Tamil and Jaffna Tamil},
  journal = {Indo-Iranian Journal},
  volume = {1},
  pages = {52-64},
  lgcode = {[tam]}
}

@BOOK{Lehmann1989tamil,
  author = {Thomas Lehmann},
  year = {1989},
  title = {A Grammar of Modern Tamil},
  address = {Pondicherry},
  publisher = {Pondicherry Institute of Linguistics and Culture},
  lgcode = {[tam]}
}

@BOOK{Malten1989,
  author = {Thomas Malten},
  year = {1989},
  title = {Reduplizierte Verbst\"amme im Tamil},
  address = {Wiesbaden},
  publisher = {Steiner Verlag},
  lgcode = {[tam]},
  timestamp = {2009.01.05}
}

@ARTICLE{Nesiah1958,
  author = {Nesiah, K.},
  year = {1958},
  title = {The Status of Tamil in Ceylon},
  journal = {Tamil Culture},
  volume = {VII},
  number = {2},
  lgcode = {[tam]},
  timestamp = {2011.06.27}
}

@BOOK{Pope1867,
  author = {G. U. Pope},
  year = {1867},
  title = {A Tamil Hand-Book: full introduction to the common dialect of that
	language},
  address = {Madras},
  publisher = {Christian Knowledge Society's press},
  lgcode = {[tam]},
  timestamp = {2009.04.24}
}

@BOOK{Pope1859,
  author = {G. U. Pope},
  year = {1859},
  title = {Tamil Handbook},
  address = {Madras},
  publisher = {American Mission Press},
  note = {1st edn. 1855},
  lgcode = {[tam]},
  timestamp = {2007.03.05}
}

@BOOK{Rajaraman1972,
  author = {S. Rajaraman},
  year = {1972},
  title = {Tamil Phonetic Reader},
  address = {Mysore},
  publisher = {Central Institute of Indian Languages},
  lgcode = {[tam]}
}

@BOOK{Schiffman1999,
  author = {Harold Schiffman},
  year = {1999},
  title = {A Reference Grammar of Spoken Tamil},
  address = {Cambridge},
  publisher = {CUP},
  adress = {Cambridge},
  lgcode = {[tam]}
}

@MASTERSTHESIS{Batticaloa,
  author = {K D Selvarajagopal},
  title = {tami{\tamzh}k kil{\lz}aimo{\tamzh}i oliyaniyal Ayivu ma{\tz}{\tz}akka{\lz}appukkilai
	mo{\tamzh}i (Research on Tamil dialect phonemics: The Batticaloa
	Dialect)},
  school = {Vidyalankara Campus of the University of Ceylon},
  year = {1979},
  note = {Date and author are not indicated on the copy but had to be inferred.
	The copy is located at the Institut f\"ur Indologie und Tamilistik
	in Cologne},
  lgcode = {[tam]}
}

@ARTICLE{Pillai1962,
  author = {{Shanmugam Pillai}},
  year = {1962},
  title = {A Tamil Dialect in Ceylon},
  journal = {Indian Linguistics},
  volume = {23},
  pages = {90-98},
  lgcode = {[tam]}
}

@UNPUBLISHED{Pillai1986,
  author = {M. {Shanmugam Pillai}},
  title = {Tamil Dialectology},
  note = {Unpublished manuscript. Copy available at the Institute for Indian
	and Tamil Studies, University of Cologne},
  year = {ca. 1986},
  lgcode = {[tam]}
}

@BOOK{Silva2003,
  author = {A. W. L. Silva},
  year = {2003},
  title = {Teach Yourself Tamil - A complete course for beginners},
  address = {Ja-Ela},
  publisher = {A. W. L. Silva},
  lgcode = {[tam]}
}

@ARTICLE{Sridhar1978,
  author = {S. N. Sridhar},
  year = {1978},
  title = {Linguistic Convergence: Indo-Aryanization of Dravidian Languages},
  journal = {Studies in the Linguistic Sciences},
  volume = {8},
  number = {1},
  pages = {197-215},
  lgcode = {[tam]}
}

@INCOLLECTION{Varma1972,
  author = {G. {Srinivasa Varma}},
  year = {1972},
  title = {Comparative Dialectology},
  booktitle = {Third Seminar on Dravidian Linguistics},
  editor = {S. Agesthialingom and S. V. Shanmugan},
  address = {Annamalaingar},
  publisher = {University of Annamalai},
  lgcode = {[tam]}
}

@BOOK{Steever1988,
  author = {Sanford B. Steever},
  year = {1988},
  title = {The Serial Verb Formation in the Dravidian Languages},
  address = {Delhi},
  publisher = {Motilal Banarsidass},
  adress = {Delhi},
  lgcode = {[tam]}
}

@BOOK{Suseendirarajah1998,
  author = {Suseendirarajah, Swaminathan},
  editor = {Balasubramaniam, K. and Ratnamalar K and Subathini R.},
  year = {1998},
  title = {Studies in Sri Lankan Tamil Linguistics and Culture},
  address = {Chennai},
  publisher = {University of Jaffna, Sri Lanka at Students Offset Service},
  lgcode = {[tam]},
  timestamp = {2011.06.27}
}

@UNPUBLISHED{Suseendirarajah1998tlisl,
  author = {Suseendirarajah, Swaminathan},
  title = {Tamil Language in Sri Lanka},
  lgcode = {[tam]},
  timestamp = {2011.06.27}
}

@INCOLLECTION{SuseendirarajahNDtlisl,
  author = {Suseendirarajah, Swaminathan},
  title = {Tamil Language in Sri Lanka},
  booktitle = {Sri Lankan Tamil Linguistics and Culture},
  lgcode = {[tam]},
  timestamp = {2011.06.24}
}

@ARTICLE{,
  author = {Suseendirarajah, Swaminathan},
  title = {English in Modern Sri Lankan Tamil Society -- A Sociolinguistic Appraisal},
  pages = {248--268},
  lgcode = {[tam]},
  timestamp = {2011.06.27}
}

@BOOK{Suseendirarajah1993,
  author = {Suseendirarajah, S.},
  year = {1993},
  title = {Jaffna Tamil (I) Phonology and Morphology},
  address = {Jaffna},
  publisher = {University of Jaffna},
  owner = {snordhoff},
  quality = {1},
  timestamp = {2013.07.29}
}

@ARTICLE{Suseendiraraja1983,
  author = {S. Suseendirarajah},
  year = {1983},
  title = {Kinship terms in Jaffna society},
  journal = {International Journal of Dravidian Linguistics},
  volume = {12},
  number = {1},
  lgcode = {[tam]}
}

@ARTICLE{Suseendirarajah1973phon,
  author = {S. Suseendirarajah},
  year = {1973},
  title = {Phonology of Sri Lanka Tamil and Indian Tamil Contrasted},
  journal = {Indian Linguistics},
  volume = {34},
  number = {3},
  pages = {171-179},
  lgcode = {[tam]}
}

@ARTICLE{Suseendirarajah1973pron,
  author = {Suseendirarajah, S.},
  year = {1973},
  title = {A study of pronouns in Batticaloa Tamil},
  journal = {Anthropological Linguistics},
  volume = {15},
  number = {4},
  pages = {172-182},
  lgcode = {[tam]}
}

@PHDTHESIS{Suseendirarajah1967,
  author = {S. Suseendirarajah},
  title = {A descriptive Study of Ceylon Tamil (with Special Reference to Jaffna
	Tamil)},
  school = {Annamali University},
  year = {1967},
  lgcode = {[tam]}
}

@ARTICLE{Thananjayarajasingham1975,
  author = {Thananjayarajasingham, S.},
  year = {1975},
  title = {The Numeral System in Ceylon Tamil: A Grammatical Study},
  journal = {Acta Orientalia},
  volume = {XXIX},
  number = {3},
  pages = {381-385},
  lgcode = {[tam]},
  timestamp = {2011.06.27}
}

@ARTICLE{Thananjayarajasingham1974,
  author = {Thananjayarajasingham, S.},
  year = {1974},
  title = {Adjectival system in Jaffna Tamil: A Prosodic analysis},
  journal = {Indian Linguistics},
  volume = {35},
  number = {1},
  pages = {31-43},
  lgcode = {[tam]},
  timestamp = {2011.06.27}
}

@ARTICLE{Thananjayarajasingham1974a,
  author = {Thananjayarajasingham, S.},
  year = {1974},
  title = {The Tamil Diglossia Situation in Sri Lanka},
  journal = {Dravlingpex},
  volume = {VI},
  number = {5},
  lgcode = {[tam]},
  timestamp = {2011.06.27}
}

@ARTICLE{Thananjayarajasingham1974b,
  author = {Thananjayarajasingham, S.},
  year = {1974},
  title = {The Pronouns of Power and Solidarity in Ceylon Tamil},
  journal = {Dravlingpex},
  volume = {VI},
  number = {5},
  lgcode = {[tam]},
  timestamp = {2011.06.27}
}

@ARTICLE{Thananjayarajasingham1974c,
  author = {Thananjayarajasingham, S.},
  year = {1974},
  title = {The Phonetic Realization of intervocalic -p-, -t-, -\textipa{\;t}-
	and -k- in Ceylon Tamil Speech: An Experimental Study},
  journal = {Dravlingpex},
  volume = {VI},
  number = {5},
  lgcode = {[tam]},
  timestamp = {2011.06.27}
}

@INCOLLECTION{Vasanthakumari1976,
  author = {T. Vasanthakumari},
  year = {1976},
  title = {Standard Spoken Tamil},
  booktitle = {Studies in Dialectology},
  address = {Trivandrum},
  volume = {1},
  number = {1},
  lgcode = {[tam]}
}

@UNPUBLISHED{Wijeratne2005,
  author = {Wijeratne, W. M.},
  title = {Estate Tamil: A New Variety of Tamil},
  note = {Paper presented at the 10th International Conference on Sri Lankan
	Studies, Kelaniya, Sri Lanka},
  year = {2005},
  owner = {snordhoff},
  quality = {1},
  timestamp = {2013.07.30}
}

@ARTICLE{Zvelebil1960,
  author = {Kamil Zvelebil},
  year = {1960},
  title = {Dialects of Tamil III},
  journal = {Archiv Orientalni},
  volume = {28},
  lgcode = {[tam]}
}

@ARTICLE{Zvelebil1959I,
  author = {Kamil Zvelebil},
  year = {1959},
  title = {Dialects of Tamil-I},
  journal = {Archiv Orientalni},
  volume = {27},
  pages = {272-317},
  lgcode = {[tam]}
}

@BOOK{Zvelebil1990,
  author = {Kamil V. Zvelebil},
  year = {1990},
  title = {Dravidian Linguistics: An Introduction},
  publisher = {Pondicherry Insitute of Linguistics and Culture},
  adress = {Pondicherry},
  lgcode = {[tam]}
}

@ARTICLE{Zvelebil1966,
  author = {Kamil V. Zvelebil},
  year = {1966},
  title = {Some Features of Ceylon Tamil},
  journal = {Indo-Iranian Journal},
  volume = {9},
  number = {2},
  pages = {113-138},
  lgcode = {[tam]}
}

@ARTICLE{Zvelebil1959II,
  author = {Kamil V. Zvelebil},
  year = {1959},
  title = {Dialects of Tamil II-III},
  journal = {Archiv Orientalni},
  volume = {28},
  lgcode = {[tam]}
}

@BOOK{AgesthilingomEtAl1972,
  editor = {S. Agesthilingom and S. V. Shanmugan},
  year = {1972},
  title = {Third Seminar on Dravidian Linguistics},
  address = {Annamalainager},
  publisher = {Department of Linguistics},
  abstract = {synatactical treatment of must in Dravidian Comparative in Dravidian
	origin of adjectives transitive, intransitive, causative dravidian
	and munda lg contact},
  lgcode = {[tam]}
}

@BOOK{BaiEtAl1991,
  editor = {B. Lakshmi Bai and R. Ramakrishnan Reddy},
  year = {1991},
  title = {Studies in Dravidian and General Linguistics: a Festschrift for Bh.
	Krishnamurti},
  address = {Hyderabad},
  publisher = {Centre of Advanced Study in Linguistics},
  adress = {Hyderabad},
  lgcode = {[tam]}
}

@BOOK{SubramoniamEtAl1972,
  editor = {V. I. Subramoniam and Elias Valentine},
  year = {1972},
  title = {Proceedings of the First All India Conference of Dravidian Linguistics},
  publisher = {Dravidian Linguistics Association},
  adress = {Trivandrum},
  lgcode = {[tam]}
}

@BOOK{PFIC1967,
  year = {1967},
  title = {Proceedings of the First International Conference-Seminar on Tamil
	Studies},
  publisher = {International Association of Tamil Research},
  adress = {Kuala Lumpur},
  lgcode = {[tam]}
}

@comment{jabref-meta: selector_journal:8;}

