@String{++Proceedings = "Proceedings "}

@String{+EMNLP2010 = ++Proceedings # "of the 2010 Conference on Empirical Methods in
                  Natural Language Processing (EMNLP 2010)"}

@String{+IJCNLP2011 = ++Proceedings # "of the 5th International Joint
                  Conference on Natural Language Processing (IJCNLP 2011)"}

@incollection{Bal:Bea:Ben:Fli:Kim:Oep:05,
  author = {Baldwin, Timothy and Beavers, John and Bender, Emily M. and Flickinger, Dan and Kim, Ara and Oepen, Stephan},
  title = {Beauty and the {B}east: {W}hat running a broad-coverage precision grammar over the {B{N}C} taught us about the grammar --- and the corpus},
  editor = {Kepser, Stephan and Reis, Marga},
  booktitle = {Linguistic {E}vidence: {E}mpirical, {T}heoretical, and {C}omputational {P}erspectives},
  seriestitle = {Studies in {G}enerative {G}rammar},  
  address = {Berlin, Germany}, 
  publisher = {Mouton de Gruyter},
  year = 2005
}

@article{Ben:Dre:Fok:Pou:Sal:10,
   author = {Bender, Emily M. and Drellishak, Scott and Fokkens, Antske and Poulson, Laurie and Saleem, Safiyyah},
   affiliation = {Department of Linguistics, University of Washington, Seattle, WA USA},
   title = {Grammar {C}ustomization},
   journal = {Research on Language \& Computation},
   pages = {1--50},
  volume = 	 {8},
  number = 	 {1},
   year = 2010
}

@InProceedings{Gho:Bir:10,
  author    = {Ghodke, Sumukh  and  Bird, Steven},
  title     = {Fast {Q}uery for {L}arge {T}reebanks},
  booktitle = {Human {L}anguage {T}echnologies: {T}he 2010 {A}nnual {C}onference of the {N}orth {A}merican {C}hapter of the {A}ssociation for {C}omputational {L}inguistics},
  year      = {2010},
  address   = {Los Angeles, CA},
  pages     = {267--275},
  url       = {http://www.aclweb.org/anthology/N10-1034}
}
		  
@inproceedings{Ben:Fli:Oep:02,
  author = {Bender, Emily M. and Flickinger, Dan and Oepen, Stephan},
  title = {The {Grammar {M}atrix}: {A}n {O}pen-{S}ource {S}tarter-{K}it for the {R}apid {D}evelopment
           of Cross-Linguistically Consistent Broad-Coverage Precision Grammars},
  booktitle = {Proceedings of the {W}orkshop on {G}rammar {E}ngineering and
               Evaluation at the 19th International Conference on
               Computational Linguistics},
  address = {Taipei, Taiwan},
  pages = {8--14},
  year = {2002}
}

@article{Bir:Sim:03,
  author = {Bird, Steven and Simons, Gary},
  title = {Seven {D}imensions of {P}ortability for {L}anguage {D}ocumentation and {D}escription},
  journal = {Language},
  volume = {79},
  number = {3},
  pages = {557--582},
  year = {2003}
}

@inproceedings{Bender:08,
  author = {Bender, Emily M.},
  title = {Grammar {E}ngineering for {L}inguistic {H}ypothesis {T}esting},
  booktitle = {Proceedings of the {T}exas {L}inguistics {S}ociety {X} {C}onference: {C}omputational {L}inguistics for {L}ess-{S}tudied {L}anguages},
  editor = {Gaylord, Nicholas and Palmer, Alexis and Ponvert, Elias},
  address = {Stanford, CA},
  publisher = {CSLI Publications},
  pages = {16--36},
  year = {2008}
}

@incollection{Ben:Fli:Oep:11,
  author = {Bender, Emily M. and Flickinger, Dan and Oepen, Stephan},
  title = {Grammar {E}ngineering and {L}inguistic {H}ypothesis {T}esting: {C}omputational {S}upport for {C}omplexity in {S}yntactic {A}nalysis},
  booktitle = {Language from a {C}ognitive {P}erspective: {G}rammar, {U}sage and {P}rocessing},
  editor = {Bender, Emily M. and Arnold, Jennifer E.},
  address = {Stanford, CA},
  publisher = {CSLI Publications},
  year = 2011,
  pages = {5--29}
}

@inproceedings{Bender:08a,
  author = {Bender, Emily M.},
  title = {Evaluating a {C}rosslinguistic {G}rammar {R}esource: {A} {C}ase {S}tudy of {W}ambaya},
  booktitle = {Proceedings of {A}{C}{L}08:{H}{L}T},
  address   = {Columbus, OH},
  pages     = {977--985},  
  year = 2008
}

@book{Bierwisch:63,
 author = {Bierwisch, Manfred},
 year = 1963, 
 title = {Grammatik des deutschen {V}erbs}, 
 adress = {Berlin, Germany},
 publisher = {Akademie Verlag}, 
 series = {Studia Grammatica},
 volume = {II}
}

@book{Mueller:99,
  author = {M{\"u}ller, Stefan},
  title = {Deutsche {S}yntax deklarativ: {H}ead-{D}riven {P}hrase {S}tructure {G}rammar 
           f{\"u}r das Deutsche},
  publisher = {Max Niemeyer Verlag},
  address = {T{\"u}bingen, Germany},
  year = {1999}
}

@unpublished{xle,
author = "Dick Crouch and Mary Dalrymple and Ron Kaplan and Tracy King and John Maxwell and Paula Newman",
year = 2001,
title = "{X{L}E} {D}ocumentation",
note = "On-line documentation, Palo Alto Research Center (PARC)"
}

@book{Copestake:02,
  title = {Implementing {T}yped {F}eature {S}tructure {G}rammars},
  author = {Ann Copestake}, 
  publisher = {CSLI Publications},
  address = {Stanford, CA},
  year = 2002
}

@book{Bee:Kar:03,
  author = {Beesley, Kenneth R. and Karttunen, Lauri},
  title = {Finite {S}tate {M}orphology},
  publisher = {CSLI Publications},
  address = {Stanford CA},
  year = 2003
}

@article{Bender:10,
 author = {Bender, Emily M.},
 title = {Reweaving a {G}rammar for {W}ambaya: {A} {C}ase {S}tudy in {G}rammar {E}ngineering for {L}inguistic {H}ypothesis {T}esting},
 journal = {Linguistic Issues in Language Technology},
 year = 2010,
 volume = 3,
 issue = 3,
 pages = {1--34}
}

@book{Nordlinger:98a,
  author = {Nordlinger, Rachel},
  title = {A {G}rammar of {W}ambaya, {N}orthern {A}ustralia},
  publisher = {Research School of Pacific and Asian Studies, The Australian National University},
  address = {Canberra},
  year = 1998
}

@article{Copestake:00,
  author =  {Copestake, Ann},
  year = {2000},
  title = {Appendix: {D}efinitions of {T}yped {F}eature {S}tructures},
  journal = {Natural Language Engineering}, 
  volume = {6},
  issue = {1},
  pages = {109--112},
  doi = {10.1017/S1351324900002357}
}

@book{Pol:Sag:94,
  author = {Carl Pollard and Ivan A. Sag},
  title = {{H}ead-{D}riven {P}hrase {S}tructure {G}rammar},
  year = 1994,
  publisher = {The University of Chicago Press and CSLI Publications},
  series = {Studies in Contemporary Linguistics},
  address = {Chicago, IL and Stanford, CA}
}

@inproceedings{Good:04,
  author = {Good, Jeff},
  title = {The {D}escriptive {G}rammar as a ({M}eta){D}atabase},
  year = 2004,
  booktitle = {Proceedings of the {E}-{M}{E}{L}{D} {W}orkshop 2004: {L}inguistic {D}atabases and {B}est {P}ractice},
  address = {Detroit, Michigan}
}

@article{Nordhoff:08,
  author = {Nordhoff, Sebastian},
  year =  2008,
  title = {Electronic {R}eference {G}rammars for {T}ypology: {C}hallenges and solutions},
  journal = {Language Documentation \& Conservation},
  volume =  2,
  issue = 2,
  pages = {296â€“-324}
}

@article{Oep:Fli:Tou:04,
  author = {Stephan Oepen and Daniel Flickinger and 
            Kristina Toutanova and Christopher D. Manning},
  title = {{Lin{G}O} {R}edwoods.
           {A} Rich and Dynamic Treebank for {HPSG}},
  journal = {Journal of Research on Language and Computation},
  editor = {Erhard Hinrichs and Kiril Simov},
  publisher = {Kluwer Academic Publishers},
  address = {Dordrecht, The Netherlands},
  volume = 2,
  number = 4,
  pages = {575--596},
  year = 2004
}

@article{Oep:Fli:98,
  author = {Stephan Oepen and Daniel P. Flickinger},
  title = {Towards {S}ystematic {G}rammar {P}rofiling.
           {T}est Suite Technology Ten Years After},
  editor = {Robert Gaizauskas},
  journal = {Journal of Computer Speech and Language},
  volume = {12 (4) (Special Issue on Evaluation)},
  year = 1998,
  pages = {411--436}
}

@article{Noonan:06,
  author = {Noonan, Michael},
  year = 2006,
  title = {Grammar {W}riting for a {G}rammar-{R}eading {A}udience},
  journal = {Studies in Language},
  volume = 30,
  issue = 2,
  pages = {351--365}
}

@article{Rice:06, 
  author = {Rice, Keren},
  title = {A {T}ypology of {G}ood {G}rammars},
  year = 2006,
  journal = {Studies in Language},
  volume = 30,
  issue = 2,
  pages = {385--415}
}
  
@article{Weber:06, 
  author = {Weber, David},
  title = {Thoughts on {G}rowing a {G}rammar},
  year = 2006,
  journal = {Studies in Language},
  volume = 30,
  issue = 2,
  pages = {417--444}
}

@incollection{Cristofaro:06,
  author = {Cristofaro, Sonia},
  year = 2006,
  title = {The {O}rganization of {R}eference {G}rammars: {A} {T}ypologist {U}ser's {P}oint of {V}iew},
  booktitle = {Catching {L}anguage: {T}he {S}tanding {C}hallenge of {G}rammar {W}riting},
  editor = {Ameka, Felix and Dench, Alan and Evans, Nick},
  address = {Berlin, Germany},
  publisher = {Mouton de Gruyter},
  pages = {137--170}
} 

@incollection{Bagish:83,
  author = {Bagish, Henry},
  title = {Confessions of a {F}ormer {C}ultural {R}elativist},
  editor = {Angeloni, Elvio},
  year = 1983,
  booktitle = {Anthropology {A}nnual {E}ditions 83/84},
  address = {Guilford, CT},
  publisher = {Dushkin Publishing Group},
  pages = {87--112}
}

@article{Mar:San:Mar:93,
	author = {Mitchell P. Marcus and Beatrice Santorini and Mary Ann
		Marcinkiewicz},
	title = {Building a {L}arge {A}nnotated {C}orpus of {English}: {T}he {Penn
		Treebank}},
	journal = {Computational Linguistics},
	year = {1993},
	volume = {19},
	pages = {313--330},
	number = {2}
}

@article{Cop:Fli:Pol:Sag:05,
  author = {Copestake, Ann and Flickinger, Dan  and Pollard, Carl and Sag, Ivan A.},
  title = {Minimal {R}ecursion {S}emantics: {A}n {I}ntroduction},
  journal = {Research on Language \& Computation},
  volume = {3},
  number = {4},
  pages = {281--332},
  year = {2005}
}

@article{Bender:10a,
 author = {Bender, Emily M.},
 title = {Reweaving a {G}rammar for {W}ambaya: {A} {C}ase {S}tudy in {G}rammar {E}ngineering for {L}inguistic {H}ypothesis {T}esting},
 journal = {Linguistic Issues in Language Technology},
 year = 2010
}

@phdthesis{Drellishak:09,
  author = {Drellishak, Scott},
  title = {Widespread {B}ut {N}ot {U}niversal: {I}mproving the {T}ypological {C}overage of the {G}rammar {M}atrix},
  school = {University of Washington},
  year = {2009}
}

@inproceedings{Fokkens:11,
  author = {Fokkens, Antske},
  title = {Metagrammar {E}ngineering: {T}owards {S}ystematic {E}xploration of {I}mplemented {G}rammars},
  address   = {Portland, OR},
  pages     = {1066--1076},
  year = 2011,
  booktitle = {Proceedings of the 49th {A}nnual {M}eeting of the {A}ssociation for {C}omputational {L}inguistics: {H}uman {L}anguage {T}echnologies}
}

@inproceedings{Carter:99,
  author = {David Carter},
  title = {The {T}ree{B}anker: a {T}ool for {S}upervised {T}raining of {P}arsed {C}orpora},
  booktitle = {Proceedings of a {W}orkshop on {C}omputational {E}nvironments for 
	Grammar Development and Linguistic Engineering},
  year = {1997},
  pages = {9--15},
  address = {Madrid, Spain}
}

@article{Oep:Car:00,
  author = {Stephan Oepen and John Carroll},
  title = {Parser engineering and performance profiling},
  journal = {Natural Language Engineering},
  year = {2000},
  volume = {6},
  pages = {81--97},
  number = {1}
}

@inproceedings{Car:Cop:Fli:99,
  author = {John Carroll and Ann Copestake and Daniel Flickinger 
            and Victor Poznanski},
  title = {An efficient chart generator for (se\mbox{mi-)}\-lexicalist 
           grammars},
  booktitle = {Proceedings of the 7th {E}uropean {W}orkshop on 
               {N}atural {L}anguage {G}eneration},
  address = {Toulouse, France},
  pages = {86--95},
  year = 1999
}

@inproceedings{Lai:Bir:04,
  author = {Catherine Lai and Steven Bird},
  title = {Querying and updating treebanks: {A} critical survey and requirements
	analysis},
  booktitle = {Proceedings of the {A}ustralasian {L}anguage {T}echnology {W}orkshop},
  address = {Sydney, Australia},
  year = {2004},
  pages = {139--146},
}

@inproceedings{Bir:Che:Sus:Lee:Zhe:06,
  author = {Bird, Steven and Chen, Yi and Davidson, Susan B. and Lee, Haejoong
	and Zheng, Yifeng},
  title = {Designing and {E}valuating an {XP}ath {D}ialect for {L}inguistic {Q}ueries},
  booktitle = {I{C}{D}{E} '06: {P}roceedings of the 22nd {I}nternational {C}onference on {D}ata
	{E}ngineering},
  year = {2006},
  pages = {52--62},
  address = {Washington, DC},
}

@incollection{Zaefferer:98,
  author = {Zaefferer, Dietmar},
  year = 1998,
  title = {{Einleitung: {A}llgemeine {V}ergleichbarkeit als {H}erausforderung f{\"u}r die {S}prachbeschreibung}},
  booktitle = {Deskriptive {G}rammatik und {A}llgemeiner {S}prachvergleich},
  editor = {Zaefferer, Dietmar},
  pages = {1--5},
  address = {T{\"u}bingen, Germany},
  publisher = {Niemeyer}
}

@Book{Tukey77,
  author =	 {John W.~Tukey},
  title = 	 {Exploratory {D}ata {A}nalysis},
  publisher = 	 {Addison-Wesley},
  address =	 "Reading, MA",
  year = 	 1977
}

@article{Farrar:Lewis:2007,
  author = 	 {Scott Farrar and William D. Lewis},
  title = 	 {The {G{O}{L}D} {C}ommunity of {P}ractice: {A}n {I}nfrastructure for {L}inguistic {D}ata on the {W}eb},
  journal = {Language Resources and Evaluation},
  pages = 	 {45--60},
  year = 	 2007,
  volume = 	 41,
  number = 	 1
}

@incollection{Flickinger:11,
  author = {Flickinger, Dan},
  title = {Accuracy v.\ {R}obustness in {G}rammar {E}ngineering},
  booktitle = {Language from a {C}ognitive {P}erspective: {G}rammar, {U}sage and {P}rocessing},
  editor = {Bender, Emily M. and Arnold, Jennifer E.},
  address = {Stanford, CA},
  publisher = {CSLI Publications},
  year = 2011,
  pages = {31--50}
}

@inproceedings{Sie:Ben:02,
  author = {Siegel, Melanie and Bender, Emily M.},
  title = {Efficient {D}eep {P}rocessing of {J}apanese},
  year = {2002},
  booktitle = {Proceedings of the 3rd {W}orkshop on {A}sian {L}anguage
    Resources and International Standardization at the 19th
    International Conference on Computational Linguistics},
  address = {Taipei, Taiwan},
}

@InCollection{mueller_s-kasper_w00,
  author =       {Stefan M{\"u}ller and Walter Kasper},
  title =        {{H{P}{S}G} {A}nalysis of {German} },
  booktitle =    {Verbmobil: {F}oundations of {S}peech-to-{S}peech {T}ranslation},
  pages =        {238--253},
  publisher =    {Springer},
  year =         2000,
  editor =       {Wolfgang Wahlster},
  address =      {Berlin, Germany}
}

@inproceedings{Ben:Goo:05,
  author = {Bender, Emily~M. and Good, Jeff},
  title = {Implementation for {D}iscovery: {A} {B}ipartite {L}exicon to {S}upport {M}orphological and {S}yntactic {A}nalysis},
  editors = {Edwards, Rodney L. and Midtlyng, Patrick J. and Sprague, Colin L. and Stensrud, Kjersti G.},
  booktitle = {Proceedings from the {P}anels of the {F}orty-{F}irst {M}eeting of the {C}hicago {L}inguistic {S}ociety: {V}olume 41-2.},
  shortbooktitle = {C{L}{S} 41: {T}he {P}anels},
  year = {2005},
  paghes = {1--15}
}

@inproceedings{Ben:Fli:Goo:Sag:04,
  author = {Bender, Emily M. and Flickinger, Dan and Good, Jeff
            and Sag, Ivan A.},
  title = {Montage: {L}everaging {A}dvances in {G}rammar {E}ngineering, 
           Linguistic Ontologies, and Mark-up for the Documentation
           of Underdescribed Languages},
  booktitle = {Proceedings of the {W}orkshop on {F}irst {S}teps for
               Language Documentation of Minority Languages:
               Computational Linguistic Tools for Morphology, 
               Lexicon and Corpus Compilation, LREC 2004},
  address = {Lisbon, Portugal},
  year = 2004
}

@unpublished{Nordhoff:07, 
  author = {Nordhoff, Sebastian},
  title = {Growing a {G}rammar with {G}aloes},
  year = 2007,
  note = {Paper presented at the DoBeS workshop}
}

@incollection{Drude:11,
  author = {Drude, Sebastian},
  title = {Digital {G}rammars --- {I}ntegrating the {Wiki/{C}{M}S} {A}pproach with {L}anguage {A}rchiving {T}echnology and {T{E}I}},
  booktitle = {Electronic {G}rammaticography},
  editor = {Nordhoff, Sebastian},
  year= {this volume},
  publisher = {University of Hawai`i Press},
  address = {Honolulu}
}

@unpublished{Bee:Mih:09,
  author = {Beermann, Dorothee and Mihaylov, Pavel},
  title = {{Type{C}raft}: {L}inguistic {D}ata and {K}nowledge {S}haring, {O}pen {A}ccess and {L}inguistic {M}ethodology},
  year = 2009,
  note = {Paper presented at the Workshop on Small Tools in Cross-linguistic
                  Research, University of Utrecht. The Netherlands}
}

@Article{Hashimoto+:2007,
  author = 	 {Chikara Hashimoto and Francis Bond and Takaaki Tanaka and Melanie Siegel},
  title = 	 {Semi-automatic {D}ocumentation of an {I}mplemented {L}inguistic {G}rammar {A}ugmented with a {T}reebank},
  journal = 	 {Language Resources and Evaluation (Special Issue on Asian Language Technology)},
  year = 	 2007,
  volume = 	 42,
  number = 	 2,
  pages = 	 {117--126}}

@inproceedings{Lew:Xia:07,
  title = {Automatically {I}dentifying {C}omputationally {R}elevant {T}ypological {F}eatures},
  author = {Lewis, William D. and Xia, Fei},
  year = 2007,
  booktitle = {Proceedings of the {T}hird {I}nternational {J}oint {C}onference on {N}atural {L}anguage {P}rocessing},
  address = {Hyderabad, India},
  pages = {685--690}
}
		  
@inproceedings{Zha:Kor:10,
	title = {Discriminant ranking for efficient treebanking},
	author = {Yi Zhang and Valia Kordoni},
	year = 2010,
	booktitle = {Proceedings of the 23rd {I}nternational {C}onference on
	Computational Linguistics (COLING 2010)},
	address = {Beijing, China},
	pages = {1453--1461}
}

@inproceedings{Tan:Bon:Oep:Fuj:05,
 author = {Tanaka, Takaaki and Bond, Francis and Oepen, Stephan and Fujita, Sanae},
 title = {High precision treebanking: blazing useful trees using {P{O}S} information},
 booktitle = {Proceedings of the 43rd {A}nnual {M}eeting on {A}ssociation for {C}omputational {L}inguistics},
 year = {2005},
 address = {Ann Arbor, MI},
 pages = {330--337}
} 

@InProceedings{Dridan:Baldwin:2010,
  author = 	 {Rebecca Dridan and Timothy Baldwin},
  title = 	 {Unsupervised {P}arse {S}election for {H{P}{S}G}},
  booktitle =	 +{E}{M}{N}{L}{P}2010,
  pages =	 {694--704},
  year =	 2010,
  address =	 {Boston, USA}
}

@article{Tou:Man:Fli:Oep:2005,
	author = {Kristina Toutanova and Chistopher D. Manning and Dan Flickinger 
		and Stephan Oepen},
	title = {Stochastic {H{P}{S}G} parse selection using the {Redwoods} corpus},
	journal = {Journal of Research on Language and Computation},
	year = 2005,
	volume = 3,
	number = 1,
	pages = {83--105}}

@inproceedings{Kie:Kri:Car:Mal:99,
  author = {Bernd Kiefer and Hans-Ulrich Krieger and John Carroll and 
	Rob Malouf},
  title = {A {B}ag of {U}seful {T}echniques for {E}fficient and {R}obust {P}arsing},
  booktitle = {Proceedings of the 37th {A}nnual {M}eeting of the {A}{C}L},
  year = {1999},
  pages = {473--480},
  address = {College Park, MD}}

@manual{Roh:05,
  title = {T{G}rep2 {U}ser {M}anual {V}ersion 1.15},
  author = {Douglas L. T. Rohde},
  year = {2005},
  note = {\url{http://tedlab.mit.edu/~dr/TGrep2/tgrep2.pdf}},
}

@inproceedings{Lez:Kon:00,
 author = {Lezius, Wolfgang and K{\"o}nig, Esther},
 title = {Towards a {S}earch {E}ngine for {S}yntactically {A}nnotated {C}orpora},
 booktitle = {K{O}{N}{V}{E}{N}{S} 2000 / {S}prachkommunikation, {V}ortr{\"a}ge der gemeinsamen {V}eranstaltung 5. {K}onferenz zur {V}erarbeitung nat{\"u}rlicher {S}prache ({K}{O}{N}{V}{E}{N}{S}), 6. {I}{T}{G}-{F}achtagung ``{S}prachkommunikation''},
 year = {2000},
 pages = {113--116},
 address = {Berlin, Germany},
} 


@inproceedings{Bla:Sim:08,
  author = {Black, H. Andrew and Simons, Gary F.},
  title = {The {S{I}L} {Field{W}orks} {Language} {Explorer} {A}pproach to 
Morphological Parsing},
  booktitle = {Proceedings of the {T}exas {L}inguistics {S}ociety {X} {C}onference: {C}omputational {L}inguistics for {L}ess-{S}tudied {L}anguages},
  editor = {Gaylord, Nicholas and Palmer, Alexis and Ponvert, Elias},
  address = {Stanford, CA},
  publisher = {CSLI Publications},
  pages = {37--55},
  year = {2008}
}

@inproceedings{Lon:Oep:Ber:04,
  year = 2004,
  author = {Jan Tore L{\o}nning and Stephan Oepen and Dorothee Beermann and 
            Lars Hellan  and John Carroll and Helge Dyvik and
            Dan Flickinger and Janne Bondi Johannessen and
            Paul Meurer and Torbj{\o}rn Nordg{\aa}rd and Victoria Ros{\'e}n and 
            Erik Velldal},
  title = {{L{O}{G}{O}N}. {A} {N}orwegian {MT} {E}ffort},
  booktitle = {Proceedings of the {W}orkshop in {R}ecent {A}dvances in 
                     {S}candinavian {M}achine {T}ranslation},
  address = {Uppsala, Sweden},
}

@InProceedings{Meu:Pen:Ric:02,
  author = {Meurers, W. Detmar and Penn, Gerald and Richter, Frank},
  title = {A {W}eb-based {I}nstructional {P}latform for
           Constraint-Based Grammar Formalisms and Parsing},
  address = {Philadelphia, PA},
  booktitle = {Proceedings of the {A{C}L} 2002 workshop on 
              {E}ffective {T}ools and {M}ethodologies for 
              {T}eaching {NLP} and {CL}},
  pages = {18--25},
  year = 2002,
}

@inproceedings{Rie:Kin:Cro:Max:Kap:02,
  author = {Stefan Riezler and Tracy Holloway King and Richard S. Crouch and
   John T Maxwell and Ronald M. Kaplan},
  title = {Parsing the {Wall {S}treet {J}ournal} using a {Lexical-{F}unctional 
  	Grammar} and discriminative estimation techniques},
  booktitle = {Proceedings of the 40th {A}nnual {M}eeting of the {A}{C}{L} and 3rd {A}nnual
   Meeting of the NAACL (ACL-02)},
  year = {2002},
  pages = {7--12},
  address = {Philadelphia, PA}
}

@InProceedings{Resnik+:2005,
  author = 	 {Philip Resnik and Aaron Elkiss and Ellen Lau and Heather Taylor},
  title = 	 {The {W}eb in {T}heoretical {L}inguistics {R}esearch: {T}wo {C}ase {S}tudies {U}sing the {L}inguist's {S}earch {E}ngine},
  booktitle = {31st {M}eeting of the {B}erkeley {L}inguistics {S}ociety},
  pages = 	 {265--276},
  year = 	 2005,
  address = 	 {Berkeley, USA}}

@incollection{Abney:96,
  author = {Abney, Steven},
  title = {Statistical {M}ethods and {L}inguistics},
  editor = {Klavans, Judith L. and Resnik, Philip},
  booktitle = {The {B}alancing {A}ct: {C}ombining {S}ymbolic and {S}tatistical
               Approaches to Language},
  publisher = {MIT Press},
  address = {Cambridge, MA},
  year = {1996}
}		  

@incollection{Good:tv,
  author = {Good, Jeff},
  title = {Deconstructing {D}escriptive {G}rammars},
  booktitle = {Electronic {G}rammaticography},
  editor = {Nordhoff, Sebastian},
  year= {this volume},
  publisher = {University of Hawai`i Press},
  address = {Honolulu}
}
 
@inproceedings{Joh:Gem:Can:Chi:Rie:99,
 author = {Johnson, Mark and Geman, Stuart and Canon, Stephen and Chi, Zhiyi and Riezler, Stefan},
 title = {Estimators for stochastic ``{U}nification-{B}ased'' grammars},
 booktitle = {Proceedings of the 37th {A}nnual {M}eeting of the {A}{C}L},
 year = {1999},
 address = {College Park, MD},
 pages = {535--541}
}

@InProceedings{MacKinlay+:2011b,
  author = 	 {Andrew MacKinlay and Timothy Baldwin and Dan Flickinger and
                  Rebecca Dridan},
  title = 	 {Using {E}xternal {T}reebanks to {F}ilter {P}arse {F}orests for {P}arse {S}election and {T}reebanking},
  booktitle = +{I}{J}{C}{N}{L}{P}2011,
  year = 	 2011,
  address = 	 {Chiang Mai, Thailand},
  pages = 	 {246--254}}
