% This file was created with JabRef 2.3.1.
% Encoding: UTF-8

@INCOLLECTION{Austin2006,
  author = {Peter Austin},
  title = {Data and language documentation},
  crossref = {GippertEtAl2006},
  pages = {87--112},
  owner = {snordhoff},
  timestamp = {2007.07.26}
}

@INCOLLECTION{Chappel2007,
  author = {Hilary Chappel},
  title = {From Eurocentrism to Sinocentrism: The case of disposal constructions
	in Sinitic languages},
  crossref = {AmekaEtAl2007},
  pages = {441-486},
  owner = {snordhoff},
  timestamp = {2007.07.26}
}

@INCOLLECTION{Comrie1998,
  author = {Bernard Comrie},
  title = {Ein Strukturrahmen für deskriptive Grammatiken: Allgemeine Bemerkungen},
  crossref = {Zaefferer1998ed},
  pages = {7--16},
  owner = {snordhoff},
  timestamp = {2007.07.26}
}

@INCOLLECTION{Cristofaro2006,
  author = {Sonia Cristofaro},
  title = {The organization of reference grammars: a typologist user's point
	of view},
  crossref = {AmekaEtAl2006},
  pages = {137--170},
  owner = {snordhoff},
  timestamp = {2007.07.26}
}

@INCOLLECTION{Dryer2006blt,
  author = {Matthew Dryer},
  title = {Descriptive theories, explanatory theories, and Basic Linguistic
	Theory},
  crossref = {AmekaEtAl2006},
  pages = {207--234},
  owner = {snordhoff},
  timestamp = {2007.07.26}
}

@INCOLLECTION{EvansEtAl2006intro,
  author = {Nick Evans and Alan Dench},
  title = {Introduction: Catching Language},
  crossref = {AmekaEtAl2006},
  pages = {1--40},
  owner = {snordhoff},
  timestamp = {2007.10.12}
}

@INCOLLECTION{LaPollaEtAl2006,
  author = {Randy LaPolla and Dory Poa},
  title = {On describing word order},
  crossref = {AmekaEtAl2006},
  pages = {269--296},
  owner = {snordhoff},
  timestamp = {2007.07.26}
}

@INCOLLECTION{Lehmann1998,
  author = {Christian Lehmann},
  title = {Ein Strukturrahmen für deskriptive Grammatiken},
  crossref = {Zaefferer1998ed},
  pages = {39--52},
  owner = {snordhoff},
  timestamp = {2007.07.26}
}

@INCOLLECTION{Mosel2006craft,
  author = {Urlike Mosel},
  title = {Grammaticography: The art and craft of writing grammars},
  crossref = {AmekaEtAl2006},
  owner = {snordhoff},
  timestamp = {2007.07.26}
}

@INCOLLECTION{Mosel2006sketch,
  author = {Ulrike Mosel},
  title = {Sketch Grammar},
  crossref = {GippertEtAl2006},
  pages = {301--310},
  owner = {snordhoff},
  timestamp = {2007.07.26}
}

@INCOLLECTION{Rice2007,
  author = {Keren Rice},
  title = {Let the language tell its story? The role of linguistic theory in
	writing grammars},
  crossref = {AmekaEtAl2007},
  pages = {235--268},
  owner = {snordhoff},
  timestamp = {2007.07.26}
}

@INCOLLECTION{SchroeterEtAl2006,
  author = {Ronald Schroeter and Nick Thieberger.},
  title = {EOPAS, the EthnoER online representation
	
	of interlinear text. In Sustainable data from digital fieldwork},
  crossref = {BarwickEtAlEd2006},
  year = {2006},
  pages = {99--124},
  owner = {snordhoff},
  timestamp = {2009.10.23}
}

@INCOLLECTION{SchultzeBerndt1998,
  author = {Eva Schultze-Berndt},
  title = {Zur Interaktion von semasiologischer und onomasiologischer Grammatik:
	Der Verbkomplex im Jaminjung},
  crossref = {Zaefferer1998ed},
  pages = {149--176},
  owner = {snordhoff},
  timestamp = {2007.07.26}
}

@INCOLLECTION{SchultzeBerndt2007,
  author = {Eva Schultze-Berndt},
  title = {Taking a closer look at function verbs: Lexicon, grammar, or both?},
  crossref = {AmekaEtAl2007},
  pages = {359--392},
  owner = {snordhoff},
  timestamp = {2007.07.26}
}

@INCOLLECTION{Zaefferer1998,
  author = {Dietmar Zaefferer},
  title = {Ein Strukturrahmen für deskriptive Grammatiken: Die Beschreibung
	sprachlicher Funktionen.},
  crossref = {Zaefferer1998ed},
  pages = {29--38},
  owner = {snordhoff},
  timestamp = {2007.07.26}
}

@INCOLLECTION{Zaefferer1998intro,
  author = {Dietmar Zaefferer},
  title = {Einleitung: Allgemeine Vergleichbarkeit als Herausforderung für die
	Sprachbeschreibung},
  crossref = {Zaefferer1998ed},
  pages = {1--5},
  owner = {snordhoff},
  timestamp = {2007.07.26}
}

@INCOLLECTION{Zaefferer2006,
  author = {Dietmar Zaefferer},
  title = {Realizing Humboldt's dream: Cross-linguistic grammaticography},
  crossref = {AmekaEtAl2006},
  pages = {113--136},
  owner = {snordhoff},
  timestamp = {2007.07.26}
}

@ARTICLE{BirdEtAl2003,
  author = {Steven Bird and Gary Simons},
  year = {2003},
  title = {Seven dimensions of portability for language documentation},
  journal = {Language},
  volume = {79},
  number = {3},
  pages = {557-582},
  owner = {snordhoff},
  timestamp = {2009.10.23}
}

@ARTICLE{BowEtAl2003,
  author = {Cathy Bow and Baden Hughes and Steven Bird},
  year = {2003},
  title = {Towards a general model for interlinear text},
  journal = {Proceedings of the EMELD Language Digitization Project Conference},
  owner = {snordhoff},
  timestamp = {2009.10.23},
  url = {http://www.linguistlist.org/emeld/workshop/2003/bowbadenBird-paper.pdf}
}

@ARTICLE{Bright2006,
  author = {Willilam Bright},
  year = {2006},
  title = {Contextualizing grammars},
  journal = {Studies in Language},
  volume = {30},
  number = {2},
  pages = {245-252},
  owner = {snordhoff},
  timestamp = {2006.05.02}
}

@ARTICLE{ButlerEtAl2007,
  author = {Lynnika Butler and Heather van Volkinburg.},
  year = {2007},
  title = {Review of Fieldworks Language Explorer (FLEx)},
  journal = {Language Documentation and Conservation},
  volume = {1},
  number = {11},
  pages = {100--106},
  owner = {snordhoff},
  timestamp = {2009.10.23}
}

@ARTICLE{ComrieEtAl1977,
  author = {Comrie, Bernard and Smith, Norval},
  year = {1977},
  title = {The Lingua Descriptive Studies Questionnaire},
  journal = {Lingua},
  volume = {42},
  pages = {1-72},
  owner = {snordhoff},
  timestamp = {2006.05.02}
}

@INCOLLECTION{Cysouw2007social,
  author = {Michael Cysouw},
  title = {A social layer for typological databases. In, ed. by ò, 59-66
	
	Milano: Francoangeli.},
  year = {2007},
  booktitle = {Language resources and linguistic theory},
  editor = {A. Sans\`o},
  pages = {59--66},
  series = {Materiali Linguistici Universit\`a di Pavia.},
  owner = {snordhoff},
  timestamp = {2009.10.23}
}

@INCOLLECTION{Drude2002,
  author = {Sebastian Drude},
  title = {Advanced glossing -- A language documentation format and its implementation
	with Shoebox},
  year = {2002},
  booktitle = {Proceedings of the International LREC workshop on Resources and Tools
	in Field Linguistics},
  editor = {Peter Austin and Helen Dry and Peter Wittenburg},
  owner = {snordhoff},
  timestamp = {2007.07.27}
}

@ARTICLE{FarrarEtAl2003,
  author = {Scott Farrar and Terry Langendoen},
  year = {2003},
  title = {A linguistic ontology for the semantic web.},
  journal = {GLOT International},
  volume = {7},
  pages = {200-203},
  owner = {snordhoff},
  timestamp = {2009.10.23}
}

@UNPUBLISHED{Good2004,
  author = {Good, Jeff . 2004. .},
  title = {The descriptive grammar as a (meta)database},
  year = {2004},
  note = {Paper presented at the EMELD Language Digitization Project Conference
	2004. http://linguistlist.org/emeld/
	
	workshop/2004/jcgood-paper.html},
  owner = {snordhoff},
  timestamp = {2009.10.23}
}

@ARTICLE{Kadanya2006,
  author = {James Lokuuda Kadanya},
  year = {2006},
  title = {Writing Grammars for the community},
  journal = {Studies in Language},
  volume = {30},
  number = {2},
  pages = {253-257},
  owner = {snordhoff},
  timestamp = {2006.05.02}
}

@INCOLLECTION{Lehmann1989comparativegrammar,
  author = {Christian Lehmann},
  title = {Language description and general comparative grammar},
  year = {1989},
  booktitle = {Reference grammars and modern linguistic theory},
  editor = {Gottfried Graustein and Gerhard Leitner},
  address = {Tübingen},
  publisher = {M. Niemeyer},
  pages = {133-162},
  owner = {snordhoff},
  timestamp = {2007.01.08}
}

@INCOLLECTION{Lehmann2004funkt,
  author = {Christian Lehmann},
  title = {Funktionale Grammatikographie},
  year = {2004},
  booktitle = {Dimensionen und Kontinua. Beiträge zu Hansjakob Seilers Universalienforschung.},
  editor = {Waldfried Premper},
  address = {Bochum},
  publisher = {N. Brockmeyer},
  pages = {147-165},
  owner = {snordhoff},
  timestamp = {2007.07.27}
}

@INCOLLECTION{Lehmann2004docu,
  author = {Christian Lehmann},
  title = {Documentation of grammar},
  year = {2004},
  booktitle = {Lectures on endangered languages: 4. From Kyoto Conference 2001},
  editor = {Osamu Sakiyama and Fubito Endo and Honore Watanabe and Fumiko Sasama},
  address = {Osaka},
  publisher = {Osaka Gakuin University},
  pages = {61-74},
  owner = {snordhoff},
  timestamp = {2007.07.27}
}

@INCOLLECTION{Lehmann1980,
  author = {Christian Lehmann},
  title = {Aufbau einer Grammatik zwischen Sprachtypologie und Universalienforschung},
  year = {1980},
  booktitle = {Wege zur Universalienforschung},
  editor = {Hansjakob Seiler and Gunter Brettschneider and Christian Lehmann},
  address = {T\"ubingen},
  publisher = {Narr},
  pages = {29--37},
  owner = {snordhoff},
  timestamp = {2009.10.23}
}

@INCOLLECTION{Lehmann2002,
  author = {Christian Lehmann},
  title = {Structure of a comprehensive presentation of a language},
  year = {2002},
  booktitle = {Basic materials in minority languages},
  editor = {Tasaku Tsunoda},
  address = {Osaka},
  publisher = {Osaka Gakuin University},
  pages = {5--33},
  owner = {snordhoff},
  timestamp = {2007.07.26}
}

@BOOK{Lehmann1993,
  author = {Christian Lehmann},
  year = {1993},
  title = {On the system of semasiological grammar},
  address = {Bielefeld},
  publisher = {Universität Bielefeld, Universität München},
  volume = {1},
  series = {Allgemein-Vergleichende Grammatik},
  owner = {snordhoff},
  timestamp = {2007.01.08}
}

@INCOLLECTION{LehmannEtAl2004,
  author = {Christian Lehmann and Elena Maslova},
  title = {Grammaticography},
  year = {2004},
  booktitle = {Morphologie. Ein Handbuch zur Flexion und Wortbildung},
  editor = {Geert Booij and Christian Lehmann and Joachim Mugdan and Stavros
	Skopeteas},
  address = {Berlin, New York},
  publisher = {de Gruyter},
  volume = {2},
  owner = {snordhoff},
  timestamp = {2009.10.23}
}

@UNPUBLISHED{LewisEtAl2006,
  author = {William Lewis and Scott Farrar and Terry Langendoen, Terry},
  title = {Linguistics in the internet age: Tools and fair use.},
  year = {2006},
  note = {Proceedings of the EMELD Language Digitization Project
	
	Conference 2006. http://www.linguistlist.org/emeld/workshop/2006/papers/Lewis.pdf},
  owner = {snordhoff},
  timestamp = {2009.10.23}
}

@UNPUBLISHED{Lewis2006,
  author = {William D. Lewis},
  title = {ODIN: A Modle for Adapting and Enriching Legacy Infrastructure},
  year = {2006},
  note = {Paper presented at the e-Humanities workshop at e-Science 2006},
  owner = {snordhoff},
  timestamp = {2009.10.28}
}

@ARTICLE{Mithun2006,
  author = {Marianne Mithun},
  year = {2006},
  title = {Grammars and the community},
  journal = {Studies in Language},
  volume = {30},
  number = {2},
  pages = {281-306},
  owner = {snordhoff},
  timestamp = {2006.05.02}
}

@UNPUBLISHED{Mosel2004,
  author = {Ulrike Mosel},
  title = {Grammaticography, the art and craft of writing grammars},
  year = {2004},
  note = {ms, September 2004},
  month = {September},
  owner = {snordhoff},
  timestamp = {2007.01.08}
}

@INCOLLECTION{Mufwene1992,
  author = {Salikoko Mufwene},
  title = {Why Grammars are Not Monolithic},
  year = {1992},
  booktitle = {The Joy of Grammar},
  editor = {Diane Brentari and Gary N. Larson and Lynn A. MacLeod},
  address = {Amsterdam, Philadelphia},
  publisher = {John Benjamins},
  pages = {225--251},
  owner = {snordhoff},
  timestamp = {2006.08.08}
}

@ARTICLE{Munro2006,
  author = {Pamela Munro},
  year = {2006},
  title = {From parts of speech to the grammar},
  journal = {Studies in Language},
  volume = {30},
  number = {2},
  pages = {307-349},
  owner = {snordhoff},
  timestamp = {2006.05.02}
}

@UNPUBLISHED{MunroEtAl2005,
  author = {Robert Munro and Daniel Nathan},
  title = {Towards portability and interoperability for linguistic annotation
	and language-specific ontologies.},
  year = {2005},
  note = {Proceedings of the EMELD Language Digitization Project Conference
	2005. http://linguistlist.org/emeld/workshop/2005/papers/Munro-paper.doc},
  owner = {snordhoff},
  timestamp = {2009.10.23}
}

@BOOK{Nickles2001,
  author = {M. Nickles},
  year = {2001},
  title = {Systematics - Ein XML-basiertes Internet-Datenbanksystem für klassifikationsgestützte
	Sprachbeschreibungen},
  address = {München},
  publisher = {Centrum für Informations- und Sprachverarbeitung},
  owner = {snordhoff},
  timestamp = {2007.07.27}
}

@ARTICLE{Noonan2006,
  author = {Michael Noonan},
  year = {2006},
  title = {Grammar writing for a grammar-reading audience},
  journal = {Studies in Language},
  volume = {30},
  number = {2},
  pages = {351-365},
  owner = {snordhoff},
  timestamp = {2006.05.02}
}

@ARTICLE{Payne2006,
  author = {Thomas Payne},
  year = {2006},
  title = {A grammar as a communicative act or What does a grammatical description
	really describe?},
  journal = {Studies in Language},
  volume = {30},
  number = {2},
  pages = {367-383},
  owner = {snordhoff},
  timestamp = {2006.05.02}
}

@BOOK{Peterson2002,
  author = {John Peterson},
  year = {2002},
  title = {Cross-Linguistic Reference Grammar (Final report)},
  address = {München},
  publisher = {Centrum für Informations- und Sprachverarbeitung},
  owner = {snordhoff},
  timestamp = {2007.07.27}
}

@UNPUBLISHED{RCC2003,
  author = {{Resource Creation Group}},
  title = {Working group report from the EMELD Language Digitization Project
	Conference 2003},
  year = {2003},
  note = {http://www.linguistlist.org/emeld/workshop/2003/resource-creation.doc},
  owner = {snordhoff},
  timestamp = {2009.10.23}
}

@ARTICLE{Rice2006,
  author = {Keren Rice},
  year = {2006},
  title = {A typology of good grammars},
  journal = {Studies in Language},
  volume = {30},
  number = {2},
  pages = {385-415},
  owner = {snordhoff},
  timestamp = {2006.05.02}
}

@UNPUBLISHED{SimonsEtAl2004,
  author = {Gary Simons and Brian Fitzsimons and Terry Langendoen and Wiliam
	Lewis and Scott Farrar and Alexis Lanham and Ruby Basham and Hector
	Gonzalez},
  title = {A model for interoperability XML documents as an RDF database.},
  year = {2004},
  note = {Proceedings of the EMELD Language Digitization Project Conference
	2004. http://linguistlist.org/emeld/workshop/2004/simonspaper.pdf},
  owner = {snordhoff},
  timestamp = {2009.10.23}
}

@ARTICLE{Weber2006grow,
  author = {David Weber},
  year = {2006},
  title = {Thoughts on growing a grammar},
  journal = {Studies in Language},
  volume = {30},
  number = {2},
  pages = {417-444},
  owner = {snordhoff},
  timestamp = {2006.05.02}
}

@ARTICLE{Weber2006ex,
  author = {David J. Weber},
  year = {2006},
  title = {The linguistic example},
  journal = {Studies in Language},
  volume = {30},
  number = {2},
  pages = {445-460},
  owner = {snordhoff},
  timestamp = {2006.05.02}
}

@ARTICLE{Woodbury2003,
  author = {Tony Woodbury},
  year = {2003},
  title = {Defining documentary linguistics},
  journal = {Language Documentation and Description},
  volume = {1},
  pages = {35--51},
  owner = {snordhoff},
  timestamp = {2007.07.27}
}

@UNPUBLISHED{Zaefferer2005,
  author = {Dietmar Zaefferer},
  title = {The place of linguistic concepts within a general ontology of everyday
	life},
  year = {2005},
  note = {Proceedings of the EMELD Language Digitization Project Conference
	2005. http://www.linguistlist.org/emeld/workshop/2005/papers/Zaefferer-paper.doc},
  owner = {snordhoff},
  timestamp = {2009.10.23}
}

@BOOK{AmekaEtAl2006,
  year = {2006},
  title = {Catching Language -- The standing challenge of grammar writing},
  editor = {Felix Ameka and Alan Dench and Nick Evans},
  owner = {snordhoff},
  timestamp = {2009.10.23}
}

@BOOK{AmekaEtAl2006,
  year = {2006},
  title = {Catching language -- The Standing Challenge of Grammar Writing},
  editor = {Felix K. Ameka and Alan Dench and Nicholas Evans},
  address = {Berlin, New York},
  publisher = {Mouton de Gruyter},
  owner = {snordhoff},
  timestamp = {2007.07.26}
}

@BOOK{BarwickEtAlEd2006,
  year = {2006},
  title = {Sustainable data from digital fieldwork},
  editor = {Linda Barwick and Nick Thieberger},
  address = {Sydney},
  publisher = {University of Sydney},
  owner = {snordhoff},
  timestamp = {2009.10.23}
}

@BOOK{GippertEtAlEd2006,
  year = {2006},
  title = {Essentials of language documentation},
  editor = {Jost Gippert and Nikolaus Himmelmann and Ulrike Mosel},
  address = {Berlin},
  publisher = {Mouton de Gruyter},
  owner = {snordhoff},
  timestamp = {2009.10.23}
}

@BOOK{Zaefferer1998ed,
  year = {1998},
  title = {Deskriptive Grammatik und allgemeiner Sprachvergleich},
  editor = {Dietmar Zaefferer},
  address = {Tübingen},
  publisher = {Niemeyer},
  owner = {snordhoff},
  timestamp = {2006.05.02}
}

@comment{jabref-meta: selector_publisher:}

@comment{jabref-meta: selector_author:}

@comment{jabref-meta: selector_journal:}

@comment{jabref-meta: selector_keywords:}

